3106 4942
754 346 801 428 87

190 553 417 649 temporibus
454 551 633 626 exstitisse
660 577 779 646 neque
807 551 1054 625 adventicium
1083 576 1163 624 esse
1191 564 1255 623 aut
1282 575 1365 646 pos-

191 678 323 751 teriore
342 678 499 758 ,demum
528 690 646 750 aetate
673 676 837 749 ascitum.
864 675 937 768 Qui
966 701 1056 760 mos,
1071 701 1154 748 cum
1170 674 1257 748 olim
1273 675 1367 748 adeo

190 804 418 876 Graecorum
461 800 592 874 animis
621 800 748 873 insitus
777 800 894 885 fuerit
926 799 976 872 nil
1005 800 1147 884 mirum,
1174 799 1205 872 si
1233 798 1366 872 nostris

188 927 311 1000 adhuc
339 925 568 1022 temporibus
596 925 752 1021 vestigia
779 925 963 1019 quaedam
991 924 1085 997 levia
1113 923 1273 1018 quidem,
1301 923 1366 996 sed

188 1051 278 1126 satis
306 1065 404 1123 certa
436 1064 643 1146 supersunt
683 1052 745 1132 De
773 1076 848 1144 qua
875 1075 914 1122 re
941 1049 1100 1122 breviter
1127 1049 1274 1145 agendo
1298 1048 1368 1120 dis-

191 1175 417 1272 putationem
447 1200 567 1250 meam
596 1175 826 1247 concludam.

246 1424 431 1497 Permulta
477 1423 697 1497 monasteria
743 1422 950 1496 etiamnunc
992 1423 1028 1494 in
1071 1421 1228 1495 Graecia
1268 1433 1368 1492 certo

191 1549 345 1622 consilio
374 1548 409 1620 in
434 1549 621 1621 ,montium
642 1549 894 1621 cacuminibus
908 1561 1090 1620 exstructa
1103 1560 1197 1630 sunt
1210 1569 1368 1639 quorum

194 1673 309 1745 maior
337 1698 422 1769 pars
450 1673 652 1768 prophetae
681 1673 784 1745 Eliae
812 1686 1025 1745 consecrata
1053 1685 1124 1755 est;
1143 1673 1191 1743 ab
1203 1670 1274 1743 hoc
1289 1668 1368 1741 viro

190 1811 319 1870 sancto
360 1797 460 1870 haud
488 1822 607 1893 pauca
634 1822 783 1891 quoque
811 1796 990 1868 montium
1020 1796 1108 1892 iuga
1135 1792 1370 1867 denominata

193 1936 276 1994 sunt
295 1919 329 2018 1).
357 1922 469 1995 Cuius
499 1920 549 1994 rei
579 1921 758 2018 originem
787 1946 831 1993 ac
855 1921 1042 2018 propriam
1062 1918 1367 2016 significationem

194 2059 234 2117 ut
253 2047 354 2119 'bene
381 2046 644 2141 intellegamus,
671 2071 692 2118 e
720 2072 759 2117 re
786 2046 853 2118 erit
880 2045 1007 2141 paucis
1034 2043 1155 2116 verbis
1183 2043 1218 2114 in
1235 2067 1370 2115 memo-

194 2170 285 2242 riam
320 2195 502 2254 revocare‚
530 2196 604 2264 qua
632 2170 771 2242 ratione
799 2169 992 2243 Christiani
1021 2168 1235 2264 religionem
1264 2169 1368 2239 suam

193 2319 259 2389 per
287 2296 414 2366 orbem
443 2308 621 2367 terrarum
651 2294 915 2390 pedetemptim
944 2291 1248 2389 pervulgaverint.
1292 2292 1369 2362 No-

193 2445 276 2491 vam
319 2419 457 2492 scilicet
497 2419 555 2491 dei
599 2418 894 2491 informationem
929 2432 969 2490 ut
1000 2417 1134 2491 sensim
1173 2441 1216 2488 ac
1244 2415 1371 2488 leniter

194 2544 453 2617 substituerent
479 2544 663 2620 veteribus
695 2543 1023 2638 superstitionibus,
1051 2567 1146 2636 quae
1173 2567 1241 2636 per
1258 2541 1371 2635 longa

194 2671 341 2741 saecula
381 2693 610 2764 paganorum
654 2667 689 2738 in
733 2668 914 2740 mentibus
955 2666 1059 2761 quasi
1102 2665 1234 2738 infixae
1261 2679 1371 2758 atque

195 2794 431 2889 consignatae
472 2793 717 2876 inhaerebant
759 2818 843 2864 cum
866 2791 1111 2864 'narrationes
1153 2792 1200 2863 de
1236 2789 1370 2863 sanctis

195 2917 383 3013 prophetis
412 2943 549 3002 omnes,
577 2931 753 3010 quantum
783 2916 861 2989 fieri
889 2930 1043 3011 poterat
1070 2915 1203 2988 fabulis
1226 2915 1274 2986 de
1302 2913 1371 2985 diis

116 3102 119 3108 ,
194 3042 460 3135 heroisbusque
487 3041 678 3137 gentilium
708 3041 941 3136 adaptabant,
968 3055 1045 3112 tum
1075 3040 1122 3111 ad
1152 3036 1372 3110 monasteria
1430 3074 1432 3079 ·

196 3166 425 3238 aedificanda
453 3191 496 3238 ea
524 3165 709 3262 eligebant
735 3165 827 3251 loca,
855 3191 950 3259 quae
979 3165 1050 3236 iam
1080 3164 1164 3235 inde
1193 3188 1215 3234 a
1242 3159 1371 3257 priscis

195 3290 422 3384 temporibus
450 3315 555 3363 sacra
583 3289 726 3362 fuerant
738 3287 773 3387 2).
802 3290 864 3362 Sic
880 3291 979 3384 apud
993 3288 1192 3360 hodiernos
1207 3288 1371 3359 Graecos

236 3487 259 3541 ll
287 3487 383 3539 Bovvoi
416 3487 467 3539 τοῦ
504 3487 589 3560 ἁγίου
622 3484 715 3536 Ἠλία
744 3492 968 3532 commemorantur
996 3483 1063 3547 apud
1085 3483 1203 3530 Neuman
1222 3497 1246 3528 u.
1265 3479 1369 3527 Partsch

199 3580 313 3644 [Physik.
334 3583 423 3643 Geogr.
444 3597 466 3627 v.
496 3578 596 3627 Gricch.
614 3595 657 3643 pp.
682 3589 738 3638 107,
763 3577 819 3640 156,
840 3573 1370 3641 175,180,181,274,275‚294)etapud

197 3669 301 3716 Bursian
321 3671 425 3732 (Geogr.
444 3685 468 3717 v.
495 3667 710 3727 Griech.1207.
736 3667 824 3727 1172,
855 3679 903 3728 104
918 3682 955 3728 sq.
973 3676 1019 3728 155
1034 3681 1072 3728 sq.
1089 3662 1146 3725 163,
1162 3673 1220 3723 207,
1237 3663 1294 3723 236,
1311 3659 1371 3722 398,

197 3770 257 3818 412,
277 3758 337 3820 448,
358 3757 419 3821 463,
440 3768 500 3820 471,
520 3756 581 3818 481,
602 3755 662 3819 496,
684 3767 743 3819 500,
764 3755 823 3819 508,
845 3767 904 3818 521,
926 3753 985 3817 526,
1006 3752 1078 3817 528.)

234 3849 257 3906 2)
283 3848 339 3909 Qua
357 3847 389 3894 do
408 3863 432 3894 re
450 3847 534 3894 confer
553 3845 582 3894 C.
601 3844 780 3901 Wachsmuth‚
812 3844 883 3900 „Das
902 3843 952 3891 alte
971 3840 1111 3890 Gn'echenl.
1131 3842 1166 3887 im
1176 3840 1273 3888 neuen'’
1285 3855 1309 3902 p.
1326 3849 1370 3884 22;

199 3935 262 3996 ,Α15
281 3936 388 3983 namlich
407 3937 441 3983 im
461 3936 540 3984 Laufe
561 3936 606 3982 des
626 3946 651 3999 5.
676 3934 728 3982 und
753 3933 778 3981 6.
794 3932 979 3996 Jahrhunderts
1002 3932 1046 3978 das
1066 3937 1202 3991 gesammte
1221 3923 1372 3975 hellenische
1467 3978 1470 3984 1

200 4024 267 4071 Volk
289 4040 340 4071 von
359 4025 408 4072 den
427 4022 635 4087 byzantinischen
655 4023 764 4070 Kaisern
783 4038 827 4069 zur
846 4019 999 4091 Bekehrung
1019 4032 1171 4081 gezwungcn
1190 4016 1292 4064 worden
1312 4028 1371 4069 war,

199 4113 256 4160 laud
280 4114 323 4160 das
349 4112 539 4161 Christenthum
563 4117 671 4160 {tusserst
694 4110 821 4158 schwereu
851 4109 954 4157 Eiutritt
980 4108 1020 4155 bei
1040 4107 1084 4154 der
1102 4105 1225 4153 durchaus
1243 4101 1372 4151 heidnisch

198 4201 371 4249 verbliebcnen
391 4203 494 4264 Menge.
514 4200 627 4248 Deshalb
648 4199 724 4248 sahcn
744 4198 796 4247 sich
815 4199 856 4246 dle
875 4198 983 4245 Pricster
995 4194 1125 4258 genltthigt
1138 4193 1269 4257 rnbglichst
1284 4192 1372 4240 schon-
