3106 4942
621 1016 793 1090 CAPUT
821 1017 881 1088 III.

288 1257 340 1323 De
364 1257 518 1342 singulis
544 1256 613 1323 dns
638 1255 787 1324 nraens
813 1256 849 1322 In
874 1257 1061 1325 montibus
1094 1256 1212 1325 cultis.

523 1744 585 1815 DE
613 1752 684 1824 Διός
705 1766 987 1814 VENEnAnonn.

221 2110 358 2184 Ordior
385 2136 407 2182 a
434 2108 523 2182 locis
552 2107 667 2195 editis,
695 2108 730 2180 in
751 2107 886 2203 quibus
909 2119 985 2190 Ζεύς
1008 2108 1232 2181 venerationi
1252 2122 1337 2181 erat.

168 2247 217 2308 Διί
255 2235 351 2308 enim
389 2260 477 2331 prae
513 2234 642 2307 ceteris
680 2233 758 2306 deis
796 2232 975 2305 montium
1014 2234 1207 2306 cacumina
1234 2248 1337 2306 erant

166 2373 386 2446 consecrata,
427 2358 601 2455 quocirca
642 2359 826 2432 Maximus
867 2359 1001 2460 Tyrius
1014 2356 1039 2457 ¹)
1082 2361 1129 2432 de
1165 2385 1210 2432 eo
1247 2359 1338 2431 haec

166 2485 407 2584 praedicavit:
442 2495 631 2575 ἔπεφήμισαν
652 2491 682 2554 δὲ
703 2499 751 2556 καὶ
769 2497 818 2555 An
839 2493 1007 2578 ἀγάλματα
1027 2501 1055 2560 οἱ
1074 2509 1190 2580 πρῶτοι
1211 2496 1337 2580 ἄνθρω-

167 2639 230 2690 ποι,
266 2615 399 2694 κορυφὰς
433 2614 520 2693 ὀρῶν,
552 2607 729 2689 Ὄλυμπον,
764 2620 814 2677 καὶ
847 2614 950 2697 Ἴδην,
981 2619 1030 2677 καὶ
1064 2615 1092 2676 n'
1113 2640 1141 2677 τι
1166 2612 1243 2676 ἄλλο
1268 2614 1334 2696 ὄρος

168 2720 326 2804 πλησιάζει
351 2734 394 2808 τῷ
419 2723 546 2805 οὐρανῷ.

220 2832 407 2905 Permulta
456 2855 607 2925 quoque
644 2843 715 2915 Διός
752 2833 976 2930 cognomina
1007 2835 1139 2908 eodem
1176 2834 1338 2907 tendunt.

166 2961 275 3031 Teste
331 2950 521 3054 Hesychio
563 2965 730 3051 Ἐπάκριος
767 2961 969 3033 vocabatur
1005 2972 1020 3031 ὁ
1055 2968 1139 3039 Ζεύς·
1162 2969 1177 3028 ὁ
1202 2967 1251 3028 ἐπὶ
1276 2978 1338 3029 τῶν

167 3084 267 3166 ἄκρων
295 3097 358 3148 τῶν
381 3087 459 3167 ὀρῶν
482 3083 643 3168 ἱδρυμένος.
668 3086 718 3145 ἐπὶ
741 3087 799 3168 γὰρ
824 3098 886 3148 τῶν
910 3088 987 3167 ὀρῶν
1013 3087 1085 3156 τοὺς
1108 3085 1229 3168 βωμοὺς
1252 3085 1338 3167 αὐτῷ

164 3197 268 3283 ίἵδρυον
303 3203 344 3274 ὡς
378 3199 522 3264 inanem.
565 3193 617 3267 Cf.
646 3195 767 3291 Etym.
797 3196 921 3291 Magn.
949 3193 1076 3266 Eusth.
1090 3218 1124 3288 p.
1146 3212 1253 3282 1747,
1280 3213 1337 3284 59.

167 3316 314 3391 Seldeni
343 3342 456 3413 opera
483 3319 562 3392 Vol.
582 3320 615 3390 II
634 3344 719 3415 pars
739 3321 763 3391 I.
793 3321 852 3393 De
872 3319 940 3393 Dis
960 3318 1062 3416 Syris
1081 3330 1277 3415 syntagma
1295 3317 1338 3387 II.

167 3467 201 3538 P·
231 3450 316 3537 385.

218 3567 304 3641 Alia
332 3566 564 3664 cognomina,
597 3594 693 3664 quae
719 3568 792 3641 hue
821 3567 957 3642 faciunt
984 3568 1075 3641 haec
1103 3579 1199 3640 sunt:

218 3703 294 3773 Ζεὺς
312 3701 469 3783 ‘Amazon
492 3694 593 3788 quod
621 3719 829 3790 cognomen
857 3695 906 3766 ad
925 3692 1160 3766 indicandum
1181 3700 1250 3776 Δία,
1261 3689 1338 3764 sive

166 3816 319 3891 summis
347 3815 383 3889 in
412 3817 607 3905 montibus,
634 3818 711 3892 sive
739 3818 775 3890 in
804 3817 949 3892 arcibus
972 3818 1111 3891 cultum
1136 3815 1337 3889 adhibetur.

167 3941 220 4017 Cf.
248 3942 445 4038 Spanhem.
474 3945 615 4016 observ.
650 3942 685 4015 in
713 3944 836 4042 hymn.
864 3942 900 4015 in
930 3945 1054 4016 Iovem
1084 3944 1125 4015 V.
1156 3948 1214 4014 82.
1244 3940 1338 4026 Keil,

167 4066 293 4140 Philol.
330 4069 418 4140 XIV
441 4093 463 4159 4
472 4091 529 4161 54.
580 4068 663 4142 Nic.
692 4072 800 4142 Dam.
829 4068 944 4159 Μ).
974 4067 1050 4140 Liv.
1079 4067 1274 4142 XXXVIII
1309 4091 1336 4138 1.

206 4258 228 4316 1)
247 4223 315 4304 Max.
335 4257 394 4322 Tyr.
412 4255 481 4308 Diss.
500 4257 577 4307 VIII.
