3090 4942
770 373 818 441 50

204 563 384 639 honorem
423 561 556 637 montis
588 560 699 635 divini
737 561 808 635 sibi
844 577 1067 659 arrogarent,
1095 563 1130 635 in
1158 563 1235 636 suis
1263 564 1380 661 regio

206 689 313 765 nibus
340 689 430 764 situs
458 714 538 763 esse
565 687 826 760 affirmabatur.
851 688 993 760 Eadem
1010 688 1149 761 ratione
1164 689 1244 760 Indi
1259 690 1379 762 varios

207 829 349 890 montes
395 838 501 888 sacro
549 812 697 885 nomine
747 815 900 885 «Meru»
951 815 1134 886 vocabant
1170 810 1205 911 ¹),
1246 817 1379 887 Persae

207 954 367 1014 montem
410 938 583 1037 «Elborjr
623 938 682 1010 hic
720 937 791 1010 illic
814 939 1082 1010 venerabantur
1099 936 1133 1034 2).
1176 940 1279 1012 Facit
1306 939 1377 1011 huc

206 1092 365 1164 quoque,
402 1064 503 1159 quod
540 1063 681 1136 Theod.
724 1058 890 1160 Bergkb
927 1064 1107 1148 observat,
1144 1063 1179 1134 in
1208 1063 1299 1136 Asia
1325 1078 1380 1135 tot
1420 1105 1422 1108 ν

206 1192 317 1267 [uisse
359 1202 510 1275 montes
552 1188 613 1284 qui
657 1187 808 1285 Olympi
842 1188 1133 1273 nominabantur,
1161 1204 1201 1260 ut
1229 1189 1305 1261 veri
1333 1189 1380 1260 sit

205 1315 429 1391 simillimum
454 1338 587 1387 nomen
617 1312 736 1409 ipsum
762 1312 811 1385 ibi
827 1327 952 1386 natum
967 1339 1056 1386 esse.
1085 1316 1254 1386 Fortasse
1269 1314 1379 1410 igitur

206 1592 250 1640 ex
278 1564 369 1639 Asia
397 1564 431 1636 in
461 1562 655 1636 Graeciam
685 1563 857 1636 translata
884 1578 947 1636 est.

262 1691 337 1763 Sed
366 1688 437 1762 iam
466 1688 553 1762 satis
581 1689 628 1761 de
654 1698 703 1759 Au'
726 1687 762 1760 in
791 1687 880 1760 locis
909 1687 1016 1761 editis
1040 1689 1148 1760 culto
1172 1690 1269 1761 Eum
1295 1688 1379 1760 inde

207 1842 229 1889 a
256 1813 384 1912 priscis
412 1813 640 1909 temporibus
668 1812 786 1885 varias
815 1814 864 1884 ob
892 1838 1021 1885 causas
1050 1813 1084 1884 in
1110 1812 1263 1886 summis
1279 1838 1379 1884 mon-

208 1939 304 2013 tibus
341 1937 478 2033 ubique
505 1937 729 2010 venerationi
764 1936 883 2022 fuisse,
921 1937 1172 2033 compluribus
1205 1937 1379 2033 exemplis

208 2062 547 2137 demonstravimus.
585 2063 696 2134 Nunc
733 2061 933 2147 videamus,
961 2061 1050 2156 quid
1079 2063 1126 2134 de
1154 2063 1283 2135 ceteris
1310 2063 1380 2135 diis

207 2189 421 2283 deabusque
449 2187 720 2259 observandum
748 2186 802 2258 sit.
833 2187 893 2258 Ne
922 2200 1044 2259 autem
1061 2187 1252 2283 abruptius
1267 2188 1302 2258 in
1318 2213 1379 2259 eas

208 2339 265 2387 res
280 2311 563 2409 disputationem
577 2336 696 2384 meam
708 2325 961 2397 convertama
975 2321 1025 2381 Au'
1036 2313 1199 2384 transibo
1210 2312 1257 2384 ad
1268 2313 1378 2384 deum

208 2462 292 2511 cum
318 2438 389 2509 hoc
413 2437 568 2509 deorum
589 2450 700 2532 patre,
720 2449 857 2522 natura,
873 2450 912 2509 ut
931 2436 1084 2523 videtur,
1103 2437 1282 2510 artissime
1296 2463 1380 2511 con-

209 2562 381 2636 iunctum.
411 2562 470 2634 De
495 2569 615 2650 Κρόνου
640 2560 735 2634 enim
756 2561 989 2635 veneratione
1008 2561 1044 2634 in
1065 2563 1252 2635 montibus
1270 2577 1381 2658 atque

209 2687 243 2759 in
273 2686 437 2772 collibus
466 2687 513 2758 ab
541 2710 586 2758 eo
611 2686 863 2773 denominatis
882 2711 1002 2783 pauca
1031 2688 1261 2760 observanda
1288 2701 1381 2761 sunt.

689 2883 898 2890 κιο-*-

539 3035 600 3106 Du
625 3043 746 3123 Κρόνον
771 3060 1052 3110 vauaRAuouE.

263 3373 400 3450 Ordior
440 3399 462 3446 a
503 3373 836 3446 commemorandis
878 3374 1050 3448 omnibus
1078 3390 1252 3464 veterum,
1286 3403 1380 3474 quae

207 3499 279 3572 huc
320 3511 495 3595 spectant,
536 3497 760 3570 testimoniis.
802 3498 933 3571 Paucis
975 3500 1149 3597 deinceps
1190 3528 1380 3598 exponam,

209 3623 297 3719 quid
326 3624 373 3696 de
400 3623 507 3697 huius
536 3623 653 3696 cultus
681 3623 823 3720 origine
841 3623 1004 3697 sentiam.
1028 3627 1068 3697 Iu
1084 3625 1218 3699 vertice
1239 3637 1382 3716 Κρονίου
1442 3720 1446 3728 Ι

248 3858 268 3911 ι)
288 3855 326 3902 (Ί.
357 3855 430 3903 Pcrd.
450 3870 473 3903 v.
493 3855 574 3904 Andr.
595 3853 710 3904 Hdhcnc.
736 3871 761 3919 p.
781 3855 831 3923 3⁶OE
856 3856 933 3920 ..che
953 3856 996 3904 der
1014 3872 1115 3919 grosscn
1135 3857 1264 3906 indischen
1285 3857 1381 3920 Religi-

209 3959 273 3992 oucu
294 3942 336 3992 bnt
355 3941 406 3991 sich
427 3942 495 3991 ihren
519 3944 668 4006 Gdttcrberg
686 3945 818 3992 urnstruirt
832 3945 884 3991 und
897 3944 1034 3993 dcnsclbcn
1047 3962 1079 3994 nn
1093 3945 1247 3995 zablreichen
1259 3945 1381 3995 irdischen

209 4032 304 4095 liemon
325 4030 462 4080 loculisiurt.

246 4121 272 4175 a)
292 4121 331 4168 tt.
353 4121 393 4169 Fr.
413 4121 520 4185 Spiruzel.
541 4122 616 4172 Erun.
636 4122 744 4173 Alterth.
765 4123 775 4170 Ι
800 4135 843 4179 ror
867 4139 904 4187 sq.
925 4123 975 4186 463
996 4139 1033 4186 sq.

244 4211 272 4272 3)
291 4209 339 4258 Tb.
360 4209 449 4271 Bergk.
465 4209 553 4274 Jubrb.
574 4211 590 4257 f.
610 4211 645 4259 kl.
665 4210 729 4260 Plrit.
755 4211 820 4260 1800
839 4225 887 4274 421
916 4229 971 4276 sqq.
