3106 4942
769 395 788 462 7

193 585 368 673 ordinata,
408 586 597 660 historiam
629 587 813 683 religionis
843 589 1008 662 Graecae
1035 590 1234 686 perfectam
1250 592 1364 665 omni·

191 714 335 808 busque
362 712 523 786 numeris
551 712 756 786 absolutam
787 738 1010 810 componere
1028 711 1063 812 ¹).

245 963 351 1034 Haec
383 963 645 1059 praeponenda
672 988 752 1036 esse
781 963 915 1048 censui,
943 977 983 1036 ut
1011 978 1108 1037 recte
1127 965 1364 1063 intellegatur,

190 1113 265 1182 quo
294 1087 446 1160 consilio
474 1087 749 1183 superstitiones
777 1089 1000 1184 populorum
1029 1090 1086 1162 vel
1107 1090 1364 1164 remotissimo-

190 1238 271 1284 rum
301 1237 385 1284 cum
415 1212 566 1287 Graecis
595 1226 875 1309 comparaturus
903 1213 982 1286 sim.
1011 1214 1116 1306 Quae
1136 1215 1285 1310 quidem
1307 1242 1364 1290 res

189 1337 289 1410 haud
330 1337 457 1433 paucis
486 1337 638 1410 ridicula
664 1337 808 1411 videtur
835 1351 871 1411 et
897 1364 1014 1434 paene
1041 1339 1228 1436 sacrilega.
1257 1341 1362 1414 Haec

134 1503 136 1506 <
190 1476 310 1535 tamen
340 1462 464 1558 opinio
493 1488 560 1535 nos
588 1488 661 1535 non
691 1463 901 1535 morabitur.
930 1464 1085 1559 Saepius
1114 1464 1210 1537 enim
1235 1465 1270 1536 in
1290 1465 1362 1539 hoc

190 1589 280 1660 orbe
307 1602 486 1660 terrarum
514 1587 682 1661 homines
711 1588 829 1660 rident
856 1613 908 1674 ea,
937 1614 1032 1683 quae
1060 1590 1168 1685 plane
1183 1589 1362 1686 ignorant.

189 1714 223 1784 A
254 1712 406 1787 Graecis
434 1738 576 1808 nempe,
603 1726 644 1785 ut
671 1739 693 1785 a
721 1712 850 1786 ceteris
868 1713 1088 1800 hominibus
1107 1714 1270 1787 humana
1288 1741 1360 1787 non

190 1836 307 1909 aliena
343 1851 462 1922 erant;
495 1837 543 1909 nil
582 1837 714 1910 mirum
753 1837 875 1934 igitur,
905 1837 935 1910 si
968 1864 1033 1911 eae
1061 1864 1127 1925 res,
1156 1864 1247 1934 quas
1276 1865 1360 1912 cum

189 1962 317 2035 ceteris
353 1962 563 2035 hominibus
600 1988 815 2036 communes
843 1963 987 2049 habent
1007 1963 1146 2059 optime
1174 1990 1362 2061 compara-

189 2086 287 2159 tione
329 2087 558 2161 illustrantur.
601 2088 783 2190 Imprimis
824 2088 1058 2184 populorum,
1105 2089 1167 2184 qui
1210 2090 1361 2164 Graecis

135 2240 137 2243 ¹
188 2212 335 2308 cognati
362 2226 455 2298 sunt,
482 2213 650 2308 exempla
677 2213 847 2298 alferam;
875 2238 948 2285 non
977 2213 1081 2307 quasi
1110 2213 1242 2300 omnia,
1266 2240 1362 2309 quae

187 2337 318 2410 similia
344 2338 488 2424 habent,
516 2339 563 2410 ad
592 2363 826 2410 communem
856 2337 993 2410 iontem
1019 2338 1359 2435 indogermanicum

192 2463 382 2536 referenda
418 2488 498 2536 esse
526 2488 694 2536 censeam
716 2463 855 2535 —hac
879 2464 926 2536 de
954 2488 1103 2558 requae
1134 2464 1260 2550 sentio,
1288 2465 1360 2537 iam

188 2589 348 2684 exposui,
362 2587 388 2687 ²)
413 2600 468 2642 -’
485 2589 550 2661 sed
588 2588 760 2684 cognatio
794 2587 964 2661 artiorem
1002 2589 1187 2683 quandam
1226 2589 1360 2685 ingenii

188 2739 338 2809 quoque
379 2713 642 2786 connexionem
685 2713 788 2810 parit,
825 2739 899 2808 quo
938 2713 987 2799 lit,
1024 2727 1064 2786 ut
1100 2714 1213 2810 vulgo
1243 2713 1360 2786 maior

188 2839 370 2933 quaedam
421 2838 685 2936 cogitationum
736 2838 935 2912 similitudo
981 2839 1139 2934 populos
1181 2854 1360 2935 cognatos

188 2964 459 3060 complectetur,
496 2989 607 3059 quarn
650 2963 741 3036 inter
768 2989 841 3049 eos,
869 2963 932 3058 qui
961 2963 1102 3059 origine
1130 2964 1241 3060 longe
1268 2963 1360 3036 inter

187 3114 227 3162 se
263 3089 405 3175 distant,
442 3104 582 3162 exstare
618 3089 718 3162 solet.
746 3092 938 3161 Praeterea
966 3088 1104 3184 optime
1131 3089 1182 3161 sic
1211 3088 1357 3160 obviam

189 3213 260 3286 itur
296 3214 439 3310 ineptae
476 3214 524 3286 illi
563 3214 748 3300 methodo
785 3240 859 3309 qua
895 3214 994 3286 haud
1025 3239 1107 3286 raro
1136 3239 1188 3298 ea,
1216 3238 1359 3307 quaea

189 3338 453 3412 consuetudine
482 3341 625 3438 Graeca
653 3339 769 3412 aliena
788 3339 965 3425 videntur,
984 3340 1032 3410 ad
1052 3339 1219 3434 exempla
1237 3338 1359 3434 potius

188 3463 362 3537 Semitica
399 3465 600 3550 trahuntur,
638 3490 749 3559 quam
786 3464 914 3536 sedula
941 3463 1218 3559 investigatione
1251 3462 1359 3559 expli-

187 3603 324 3662 cantur.

226 3783 252 3845 1)
280 3785 312 3832 O.
341 3785 443 3847 Gruppe
475 3783 548 3831 talem
577 3783 705 3831 historiam
734 3797 883 3846 componere
914 3783 939 3829 in
958 3782 1041 3829 animo
1061 3797 1087 3829 se
1106 3781 1198 3830 habere
1216 3781 1314 3846 scripsit
1332 3783 1358 3829 in

168 3870 262 3922 'Burs
287 3873 402 3937 Jahresb.
435 3885 501 3933 1900
528 3889 553 3936 p.
587 3882 644 3934 137,
671 3872 713 3919 ubi
736 3873 819 3935 paucis
848 3871 929 3919 verbis
947 3870 1021 3919 huius
1041 3872 1122 3935 operis
1142 3872 1356 3919 adumbrationem

188 3963 309 4026 exposuit.
328 3963 426 4010 Vereor
445 3970 534 4020 tamen,
555 3977 586 4008 ne
605 3969 788 4024 praematurum
802 3961 835 4008 sit
853 3961 968 4008 iamnunc
986 3959 1034 4008 tale
1052 3963 1179 4023 negotium
1206 3962 1338 4024 suscipere.

226 4051 251 4113 2)
269 4051 308 4099 cf.
330 4066 374 4115 pp.
393 4065 407 4116 3
428 4066 465 4115 sq.

667 4201 878 4208 -—-—-—-———-=-
