3090 4942
746 341 792 410 79

183 537 388 635 periculosa
415 535 460 609 sit
487 535 568 608 talis
597 535 743 632 mythos
762 533 967 631 explicandi
990 534 1091 620 rati0‚
1115 560 1225 629 quam
1250 533 1355 608 facile

183 665 218 736 in
267 688 427 735 errorem
479 660 628 733 inducat
679 659 1001 755 interpretatorem,
1051 672 1134 732 ante
1180 659 1305 732 monui
1319 657 1354 758 ¹).

184 791 280 860 Inter
325 801 380 859 tot
424 785 586 858 virorum
633 785 827 858 doctorum
869 784 1064 858 sententias
1105 785 1204 858 nulla
1244 784 1356 882 igitur
1425 784 1428 791 ’

184 926 246 999 est,
284 912 341 984 cui
379 937 424 984 ex
461 909 561 982 omni
598 924 701 1005 parte
738 908 902 983 assentiri
928 934 1086 1005 possum
1124 935 1243 1005 neque
1280 909 1355 981 ullo

184 1039 297 1110 modo
335 1035 414 1109 fieri
450 1061 559 1131 posse
595 1034 771 1118 existimo
808 1047 848 1106 ut
884 1059 905 1107 e
942 1034 1077 1131 mythis
1114 1036 1161 1107 de
1187 1036 1356 1108 Athenae

184 1161 326 1258 origine
361 1158 501 1232 traditis
538 1185 606 1255 pro
648 1173 747 1231 certo
788 1158 1001 1244 efficiamus
1042 1159 1131 1253 quid
1160 1159 1205 1232 sit
1232 1185 1276 1232 ex
1304 1160 1356 1246 iis,

185 1312 279 1381 quae
307 1285 342 1356 in
376 1285 480 1356 coelo
509 1283 610 1369 fiunt,
638 1283 697 1355 cui
734 1283 826 1355 deae
849 1297 979 1355 natura
1002 1285 1230 1378 respondeat.
1258 1284 1357 1376 Quo-

185 1411 387 1483 dammodo
437 1422 558 1480 tamen
606 1432 806 1480 connexam
849 1433 929 1481 esse
969 1409 1076 1480 deam
1120 1433 1204 1481 cum
1247 1411 1357 1482 rebus

186 1535 404 1608 coelestibus
455 1559 528 1606 non
575 1547 629 1605 est
674 1534 775 1627 quod
819 1557 961 1628 negem.
1009 1535 1095 1605 Hoc
1137 1533 1232 1606 enim
1275 1559 1357 1629 pro-

185 1663 274 1733 bare
318 1659 463 1732 videtur
517 1657 696 1730 artissima
741 1658 801 1730 illa
845 1657 1108 1753 propinquitas
1154 1685 1228 1753 qua
1273 1683 1367 1749 con<

186 1786 308 1858 iuncta
348 1798 425 1858 erat
460 1808 606 1857 summo
635 1783 716 1869 deo,
744 1782 802 1855 cui
830 1782 941 1855 totius
969 1783 1061 1855 coeli
1089 1782 1253 1878 regimen
1282 1797 1358 1856 erat

186 1910 358 1983 traditum
401 1908 537 2004 quique
578 1906 775 2003 praecipue
816 1907 851 1978 in
892 1907 983 1979 locis
1024 1907 1129 1980 celsis
1161 1908 1358 1981 colebatur.

187 2035 307 2107 Etiam
346 2041 478 2123 Ἀθηνᾶ
509 2032 610 2103 haud
639 2031 740 2103 aliter
769 2057 878 2126 quam
903 2042 979 2112 Ζεύς
1002 2031 1089 2126 ipse,
1112 2040 1248 2123 Ἀκραῑα
1272 2058 1359 2128 cog-

187 2159 462 2240 nominabatur;
504 2181 578 2250 quo
620 2155 768 2228 nomine
808 2156 844 2227 in
887 2180 1024 2250 magno
1065 2156 1206 2229 honore
1247 2156 1358 2230 fuisse

187 2284 331 2355 videtur
371 2281 471 2376 apud
508 2279 678 2375 Argivos
715 2278 786 2373 qui,
813 2279 907 2351 sicut
934 2304 1046 2374 supra
1072 2280 1310 2374 probavimus
1324 2277 1359 2377 2),

188 2406 385 2502 praecipue
418 2404 568 2476 numina
605 2403 640 2474 in
679 2402 784 2475 editis
821 2403 911 2475 locis
948 2404 1045 2475 culta
1081 2406 1358 2477 venerabantur.

189 2530 254 2627 (Cf.
297 2544 373 2611 Ζεὺς
396 2545 573 2620 Λαρισαῖος,
597 2533 771 2599 Ἀπόλλων
806 2535 1019 2618 Δειραδιώτης,
1054 2539 1142 2619 ‘'Hpa
1179 2530 1359 2621 'Aupuia‚³.)

188 2661 362 2745 Ἀφροδίτη
398 2660 544 2743 Ἀκραία,
579 2659 732 2742 ’Ἄρτεμις
768 2659 925 2742 Ἀκραία).

241 2788 394 2870 Ἀκραίας
417 2790 538 2850 autem
569 2800 777 2873 cognomen
805 2776 897 2848 deae
925 2775 1078 2849 inditum
1103 2802 1191 2864 esse,
1214 2779 1300 2873 quia
1323 2779 1358 2850 in

189 2902 334 2976 arcibus
349 2903 537 2988 coleretur,
546 2901 659 2998 vulgo
674 2899 900 2996 perhibetur;
915 2902 1086 2997 equidem
1101 2917 1223 2976 tamen
1238 2903 1360 2999 potius

189 3028 405 3101 crediderim
444 3053 524 3101 eam
563 3024 760 3121 antiquitus
796 3019 867 3099 hoc
905 3052 1039 3100 nomen
1072 3029 1242 3123 adeptam
1271 3054 1360 3113 esse,

189 3153 275 3248 quia
311 3153 507 3248 praecipue
544 3153 579 3223 in
616 3139 706 3224 locis
742 3151 848 3225 editis
885 3153 1073 3225 coleretur.
1115 3153 1208 3226 Cum
1237 3167 1358 3225 autem

188 3278 319 3349 horum
362 3278 528 3350 locorum
572 3303 707 3373 magna
748 3302 832 3372 pars
861 3277 896 3349 in
925 3278 1024 3350 urbis
1053 3277 1203 3349 alicuius
1232 3277 1361 3349 vicinia

189 3415 292 3486 esset,
333 3401 501 3474 facillime
542 3402 619 3474 fieri
660 3403 787 3498 potuit,
829 3416 868 3474 ut
909 3403 1001 3474 deae
1033 3402 1150 3475 cultus
1179 3403 1213 3473 in
1242 3401 1359 3497 ipsam

190 3525 288 3596 urhis
317 3550 438 3597 arcem
466 3526 727 3599 transferretur.
756 3528 810 3598 lta
837 3526 1097 3622 posterioribus
1125 3527 1245 3599 adhuc
1273 3540 1361 3598 tem-

191 3649 342 3743 poribus
370 3650 540 3745 permulti
568 3653 757 3723 exstabant
784 3651 952 3723 Athenae
971 3651 1088 3723 cultus
1103 3651 1136 3722 in
1152 3651 1241 3724 locis
1256 3651 1361 3723 editis

190 3799 307 3869 prope
322 3776 450 3846 urbem
467 3776 651 3868 quandam
667 3775 751 3848 sitis
780 3777 819 3847 In
836 3775 951 3848 Elidis
966 3789 1098 3861 monte,
1113 3776 1192 3847 urbi
1208 3776 1362 3848 Phrixae

191 3969 402 3978 -—--—-

230 4089 431 4151 nmmo
667 4085 1002 4150 dfflmmfflm

226 4187 252 4238 3)
271 4176 382 4240 Hesych.
402 4192 421 4223 s.
442 4191 465 4224 v.
485 4174 597 4248 Ἀκρία.
618 4176 693 4224 Paus.
712 4176 739 4222 II
759 4187 826 4238 24‚3.
