3106 4942
754 409 797 478 19

186 615 226 675 ut
266 603 375 675 urbes
416 601 663 675 nobilissimae
704 602 857 674 deorum
901 602 1028 688 cultuS,
1070 600 1132 696 qui
1161 602 1359 697 antiquitus

187 725 336 800 minime
364 726 406 800 iis
434 727 572 823 proprii
601 739 729 812 essent,
744 726 812 799 sibi
828 726 1013 800 vindicare
1027 727 1222 800 studerent.
1247 727 1360 800 Cuius

106 918 109 926 ,
187 850 238 924 rei
267 877 380 924 unum
396 851 547 925 alleram
563 853 781 947 exemplum,
796 851 855 924 cui
870 878 914 925 ex
929 852 1080 948 egregio
1096 852 1210 925 Widii
1225 849 1250 948 ¹)
1266 852 1359 924 libro

186 977 293 1072 plura
333 977 420 1050 addi
461 992 623 1073 possunt.
665 977 870 1073 Spartiatae
911 978 1019 1050 deam
1058 988 1241 1064 Δικτύνναν,
1265 1004 1361 1073 quae

188 1102 358 1197 alioquin,
386 1117 426 1175 ut
452 1116 582 1199 postea
608 1103 824 1190 videbimus,
852 1128 926 1175 non
954 1102 1021 1175 nisi
1050 1102 1085 1174 in
1100 1103 1361 1198 promontoriis

189 1227 385 1315 colebatur,
426 1230 474 1301 ad
501 1254 605 1301 suam
635 1231 774 1314 urbem,
807 1229 842 1300 in
870 1228 1021 1325 regione
1049 1227 1218 1301 interiore
1245 1227 1362 1315 sitam,

188 1353 456 1440 transtulerunt,
496 1354 560 1426 ubi
593 1353 628 1426 in
657 1355 750 1428 colle
778 1354 1010 1451 Dictynnaeo
1036 1354 1214 1450 templum
1243 1352 1277 1426 ei
1305 1380 1362 1427 ex-

190 1491 397 1552 struxerunt
428 1482 449 1578 ).

245 1604 316 1676 Dei
349 1604 460 1701 igitur
488 1630 624 1691 omnes,
653 1605 716 1700 qui
745 1605 838 1678 intra
866 1605 1011 1678 urbium
1041 1603 1187 1677 moenia
1203 1605 1250 1676 -in
1278 1630 1362 1677 arce

191 1729 247 1801 vel
275 1730 310 1801 in
338 1730 421 1803 loco
450 1731 612 1824 quodam
641 1730 829 1827 superiore
844 1731 1066 1817 colebantur,
1081 1732 1129 1803 ab
1144 1743 1362 1826 argumento

192 1880 274 1927 meo
303 1855 409 1928 alieni
438 1870 530 1942 sunt,
560 1856 628 1928 nisi
656 1856 803 1929 aliunde
832 1856 1001 1929 novimus
1029 1882 1093 1929 eos
1122 1855 1205 1928 ideo
1235 1855 1270 1927 in
1295 1855 1362 1928 illis

191 1980 281 2052 locis
323 2007 402 2054 esse
444 1983 570 2067 cultos,
613 1982 714 2077 quod
756 2007 839 2066 non,
880 1981 947 2055 nisi
985 1981 1020 2053 in
1049 1980 1199 2054 excelsis
1226 1981 1365 2076 templa

193 2105 372 2179 collocata
415 2107 600 2180 haberent.
641 2109 695 2179 lta
736 2107 964 2203 intellegitur,
1005 2106 1154 2201 quinam
1196 2106 1232 2177 in
1273 2105 1364 2178 locis

194 2231 299 2304 editis
327 2232 413 2304 culti
441 2232 500 2304 dei
529 2233 577 2305 ad
605 2246 863 2328 argumentum
898 2257 1021 2304 meum
1051 2256 1124 2303 non
1152 2230 1364 2327 pertineant.

247 2357 323 2430 Sed
364 2357 412 2429 ad
440 2357 547 2431 aliam
576 2358 648 2430 iarn
676 2356 843 2462 venimus
871 2356 1121 2452 quaestionem
1149 2352 1259 2428 haud¹
1277 2381 1365 2428 sane

194 2481 338 2555 levioris
368 2483 553 2567 momenti,
580 2508 668 2554 num
697 2483 797 2578 apud
826 2484 990 2556 Graecos
1019 2506 1169 2576 quoque
1196 2480 1365 2576 supersti-

194 2606 311 2694 tionis,
353 2609 400 2680 de
441 2634 515 2703 qua
555 2633 667 2703 supra
707 2607 819 2680 locuti
847 2631 975 2680 sumus
994 2602 1028 2704 3),
1060 2605 1216 2702 vestigia
1242 2631 1366 2701 super-

194 2731 273 2818 sint,
302 2733 398 2806 illam
441 2735 534 2818 dieo,
575 2759 649 2828 qua
690 2747 833 2806 montes
873 2757 941 2828 pro
970 2731 1101 2804 letissis
1128 2731 1367 2803 habebantur.

196 2858 366 2931 Schultze
394 2859 430 2930 in
458 2857 610 2955 egregio
639 2858 699 2930 illo
722 2859 826 2943 libr0,
849 2858 995 2953 saepius
1009 2857 1081 2929 iarn
1098 2881 1193 2929 ame
1207 2857 1367 2941 laudat0,

195 2984 349 3056 aliorum
379 2984 528 3079 quidem
547 2985 770 3079 populorum
786 2984 904 3056 cultus
920 2982 1034 3056 fusius
1049 2994 1187 3066 tractat,
1202 2982 1366 3054 Graecos

195 3123 317 3182 tamen
353 3109 495 3181 silentio
523 3108 704 3204 praeterit.
732 3109 967 3202 Quamquam
996 3105 1264 3202 quinquaginta
1292 3104 1367 3177 lere

196 3233 299 3306 annis
341 3247 423 3306 ante
451 3260 535 3306 eum
566 3236 622 3306 Fr.
651 3234 808 3306 Creuzer
835 3233 1070 3329 perhibuerat
1098 3244 1194 3302 totos
1224 3243 1366 3303 montes

197 3385 220 3431 a
260 3359 420 3445 Graecis,
461 3359 688 3455 temporibus
717 3358 825 3430 etiam
853 3356 1043 3441 historicis,
1070 3380 1195 3429 sacros
1222 3354 1367 3427 habitos

197 3509 285 3557 esse.
314 3486 370 3556 Ex
398 3484 520 3557 Iliadis
548 3484 644 3557 enim
673 3485 756 3556 loco
771 3480 806 3581 l¹),
834 3483 896 3556 ubi
924 3482 1099 3579 legimus:

334 3650 410 3719 ibic
434 3645 465 3708 δὲ
491 3643 766 3725 (buror'ixilrvor
790 3648 882 3717 drohn
905 3641 1049 3726 ἀγορήνδε
1073 3640 1214 3705 καλέσσαι

336 3759 1099 3849 mmmdfflofflwmmndmwfflumnh

239 3969 261 4027 1)
279 3968 304 4016 S.
325 3967 412 4015 Wide.
431 3965 494 4014 Lak.
514 3964 593 4013 Kultc
614 3974 664 4026 259
683 3978 722 4026 sq.

131 4112 135 4117 ‚
235 4054 262 4125 2)
281 4056 319 4104 Cf.
339 4058 413 4104 Paus.
432 4057 474 4103 111
498 4068 535 4113 12,
556 4054 581 4103 8.
601 4054 655 4100 Liv.
676 4053 807 4099 XXXIV
828 4051 871 4113 38.

236 4147 261 4208 3)
280 4146 321 4194 cf.
339 4162 395 4210 pag.
420 4157 459 4208 13.

236 4236 264 4298 4)
283 4234 362 4308 Hom.
383 4233 456 4282 Iliad.
476 4233 536 4281 XX
557 4243 581 4296 5.
