3090 4942
752 390 794 459 71

186 579 270 660 ainai,
295 587 367 656 Διὸς
391 582 421 646 δὲ
446 587 495 646 καὶ
518 584 648 666 Κάρμης
674 596 728 665 τῆς
752 581 915 668 Εὐβούλου
937 585 1148 666 Βριτόμαρτιν
1167 582 1360 662 γενέσθαι..

187 741 341 754 ........
367 690 547 774 Ἐπίκλησις
572 691 603 753 δι’
626 695 654 754 οἱ
684 695 769 774 παρά
794 716 826 754 τι
849 691 1033 775 Αἰγινήταις
1057 695 1138 757 ἐστὶν
1161 693 1284 774 Ἀφαία
1310 699 1360 756 καὶ
1398 690 1403 699 ’

187 813 343 875 Δίκτυννα
374 813 405 874 ἓν
436 811 553 893 Κρήτῃ.
591 801 769 875 Videmus
797 802 1015 875 Pausaniam
1050 811 1193 889 Ἀφαίαν
1224 803 1360 876 assimi-

185 928 260 1000 lare
289 925 510 1012 Britomarti,
538 952 648 1021 quam
678 928 728 998 ob
755 951 831 999 rem
860 952 933 999 non
956 926 1096 1011 dubito,
1111 926 1198 1021 quin
1221 935 1360 1014 Ἀφαίας

185 1077 405 1147 cognomen,
425 1051 526 1145 quod
547 1076 630 1123 cum
646 1052 760 1124 verbo
777 1060 896 1140 ἀφιέναι
916 1051 1142 1124 «dimittere»
1162 1050 1359 1123 cohaerere

184 1177 337 1262 videtur,
375 1176 460 1248 inde
488 1175 668 1272 originem
698 1175 850 1262 duxerit,
878 1176 965 1271 quia
992 1176 1062 1248 dea
1090 1201 1111 1248 a
1140 1175 1292 1270 rupibus
1320 1200 1373 1248 se·

189 1300 443 1373 «dimisisset».
472 1301 531 1373 De
556 1309 679 1394 ‘Anaia
705 1300 816 1397 igitur
844 1301 995 1374 eaedem
1015 1314 1078 1372 aut
1096 1301 1224 1373 saltem
1245 1299 1359 1373 consi-

186 1425 288 1498 miles
312 1425 457 1498 labulae
477 1439 642 1497 narratae
662 1450 743 1498 esse
766 1424 944 1512 videntur,
960 1450 1054 1520 quae
1069 1426 1116 1497 de
1132 1420 1359 1510 Britomarte‚

186 1550 348 1622 Minoem
382 1549 534 1646 fugienti
576 1563 611 1622 et
644 1550 679 1622 in
709 1576 808 1623 mare
836 1550 1045 1647 prosilienti,
1081 1549 1236 1622 traditae
1262 1563 1356 1622 sunt.

238 1673 359 1747 Etiam
402 1673 501 1747 iuxta
541 1675 768 1772 Anticyram,
809 1675 845 1747 in
884 1675 1034 1772 regione
1063 1674 1224 1770 quadam
1258 1699 1359 1746 mon-

184 1812 280 1887 tana,
324 1799 501 1895 templum
531 1800 764 1872 attollebatur
798 1806 981 1891 Ἀρτέμιδος
1015 1809 1229 1884 Δικτυνναίας,
1254 1798 1359 1872 cuius

184 1924 301 1996 cultus
338 1923 438 1996 haud
476 1924 553 1996 scio
590 1949 636 1995 an
673 1926 721 1996 ab
758 1922 946 2021 Aeginetis
975 1923 1147 2018 repetitus
1175 1923 1239 2008 sit;
1267 1923 1359 1997 deae

183 2049 312 2120 saltem
350 2048 495 2145 signum
526 2050 573 2121 ab
601 2048 790 2145 Aeginetis
819 2048 1033 2120 fabricatum
1065 2061 1149 2133 erat,
1178 2048 1360 2121 Pausania

183 2186 333 2246 auctore
360 2172 409 2270 (X
425 2173 532 2272 36‚5).

237 2298 352 2370 Hisce
380 2297 490 2393 igitur
518 2298 691 2394 exemplis
719 2312 872 2394 apparet
900 2298 934 2368 in
963 2296 1222 2392 promontoriis
1242 2311 1304 2369 aut
1323 2297 1358 2369 in

182 2422 273 2494 locis
297 2423 410 2508 editis,
424 2448 542 2518 prope
557 2448 657 2495 mare
671 2423 756 2508 sitis,
772 2423 1018 2495 Britomartim
1038 2421 1114 2494 sive
1134 2422 1356 2518 Dictynnam

184 2546 253 2618 coli
282 2548 408 2633 solere,
442 2547 615 2642 quocirca
638 2547 743 2620 facile
762 2548 982 2620 adducimur
1001 2548 1048 2619 ad
1068 2547 1358 2633 existimandum,

184 2673 293 2744 maris
329 2673 478 2745 tutelam
516 2687 627 2767 atque
663 2672 851 2744 arbitrium
889 2671 973 2744 huic
1020 2696 1169 2766 quoque
1219 2670 1358 2743 numini

183 2797 321 2869 credita
349 2797 459 2870 luisse
487 2794 522 2894 ¹).

238 2921 346 3008 Hinc,
382 2920 412 2995 si
450 2922 540 3018 quid
577 2922 696 3008 video,
733 2922 833 3017 apud
866 2920 1101 2994 Plutarchum
1132 2919 1356 2993 coniunctim

183 3072 267 3118 cum
300 3051 486 3117 Ἀπόλλωνι
517 3053 677 3142 Δελφινίῳ,
704 3035 776 3119 deo
806 3045 998 3131 maritimO,
1023 3053 1175 3137 ’Ἄρτεμις
1200 3056 1356 3115 Δίκτυννα

184 3184 425 3243 memoratur:
455 3179 637 3262 Ἀρτέμιδός
659 3204 691 3257 γε
715 3180 886 3260 Δικτύννης
910 3176 1072 3257 Δελφινίου
1097 3200 1129 3238 τι
1149 3174 1356 3248 ’Λπόλλωνος

183 3304 245 3383 lap&
275 3307 325 3363 καὶ
356 3277 453 3386 popul
485 3304 570 3383 παρὰ
603 3299 729 3373 πολλοῖς
763 3298 923 3382 Ἑλλήνων
953 3297 1083 3380 atolfi).
1123 3292 1257 3385 Neque
1285 3290 1356 3363 allo

182 3430 348 3512 spectare
394 3429 496 3511 puto,
532 3441 627 3510 quae
654 3413 854 3488 Pausanias
896 3415 943 3487 de
985 3414 1196 3487 Britomarti
1239 3415 1357 3499 tradit,

182 3567 292 3636 quam
323 3566 407 3613 cum
437 3541 507 3612 dea
537 3551 677 3633 Διμννιίᾳ
708 3539 838 3611 eodem
868 3539 952 3611 loco
980 3538 1101 3612 habet.
1144 3540 1250 3611 Haec
1279 3539 1357 3611 eius

222 3796 243 3853 1)
258 3794 325 3840 Huic
338 3791 474 3839 sentcntiae
484 3790 585 3838 minime
595 3804 730 3853 repugnare
740 3788 881 3852 Dictynnae
893 3789 1075 3836 venerationem
1087 3788 1150 3835 intra
1162 3787 1355 3835 Lacedaemonis

183 3882 253 3939 fines,
272 3897 347 3945 quam
367 3880 502 3928 Pausanias
522 3885 642 3926 memorat
661 3877 712 3940 (III
730 3877 786 3933 12,8
807 3877 846 3924 111
865 3889 930 3939 14‚2.
955 3877 1080 3924 Cl.etiam
1092 3874 1289 3924 Liv.xxx1v
1301 3876 1360 3938 38),

183 3987 258 4019 nemo
286 3986 336 4018 non
364 3968 498 4030 intelleget,
518 3968 560 4031 qni
579 3967 725 4028 cognoverit
743 3972 769 4013 ct
787 3966 888 4013 aliarum
907 3966 1004 4013 urbium
1024 3975 1049 4013 et
1067 3965 1210 4028 praesertim
1231 3965 1356 4012 Lacedae·

183 4062 264 4108 monis
283 4059 358 4106 moris
378 4057 461 4114 luisse,
482 4066 509 4106 ut
527 4057 575 4105 sibi
592 4056 745 4104 vindicarent
759 4055 862 4103 deorum
877 4054 965 4111 cultus,
979 4055 1021 4118 qui
1036 4054 1150 4118 primitus
1164 4052 1355 4117 haudquaquam

183 4150 229 4197 sibi
249 4148 341 4213 proprii
361 4155 451 4196 essent.
480 4146 520 4196 Cl.
542 4146 600 4193 libri
618 4146 666 4193 mei
686 4161 742 4208 pag.
766 4157 806 4204 19.

221 4241 245 4298 2)
264 4235 399 4294 Plutarch„
419 4236 450 4283 de
469 4235 525 4286 soll.
544 4235 621 4284 anim.
639 4251 664 4299 p.
684 4233 736 4296 984
753 4234 781 4282 B.
