3106 4942
754 372 801 439 92

195 587 250 649 eu,
290 562 388 636 unde
428 560 616 659 digressus
657 586 737 635 sum
782 575 949 649 revertar,
986 575 1022 636 et
1048 561 1166 659 paulis
1193 562 1366 660 expedire

194 688 358 761 conabor
389 686 603 762 sententiam
633 713 751 761 meam
781 689 829 761 de
856 703 983 762 sancto
1012 688 1094 761 Elia
1120 688 1156 760 in
1186 688 1365 762 montium

193 812 408 887 cacumibus
436 813 543 886 culto.
571 814 753 909 Perquam
779 813 971 909 probabile
986 812 1074 886 mihi
1088 811 1233 886 videtur
1246 813 1366 887 Chris·-

192 937 319 1023 tianos‚
359 964 444 1010 cum
487 937 615 1034 quinto
657 951 721 1012 aut
746 952 850 1011 sexto
877 938 1025 1012 saeculo
1054 964 1088 1035 p.
1117 939 1199 1013 Chr.
1227 964 1260 1011 n.
1287 937 1365 1012 reli-

191 1063 340 1160 gionem
374 1088 440 1160 per
476 1062 670 1137 Graeciam
698 1063 849 1160 vulgare
877 1077 1061 1160 cuperent
1085 1076 1121 1136 et
1148 1063 1239 1138 alios
1266 1063 1364 1138 viros
1429 1124 1433 1134 .

191 1202 338 1262 sanctos
379 1187 653 1274 ecclesiasticos
698 1189 801 1283 quod
846 1187 924 1261 lieri
971 1201 1104 1285 posset,
1149 1189 1365 1261 accomada-
1428 1223 1433 1279 1

190 1313 285 1387 visse
330 1312 399 1387 diis
446 1313 606 1400 Graecis
658 1312 879 1408 quibuscum
931 1339 1043 1408 quam
1097 1313 1255 1387 maxime
1304 1339 1364 1387 na-

191 1451 274 1511 tura
313 1451 349 1510 et
390 1437 538 1511 nomine
579 1452 833 1534 congruerent,
878 1452 915 1512 et
954 1439 1173 1535 prophetam
1215 1463 1365 1534 quoque

193 1560 310 1636 Eliam
352 1562 580 1638 substituisse
621 1562 703 1649 de0‚
735 1564 882 1636 nomine
910 1564 942 1637 ei
970 1563 1078 1660 plane
1100 1561 1216 1649 simili,
1245 1570 1363 1645 Ἥλιον

192 1687 285 1760 dico.
326 1687 420 1762 Cum
463 1702 585 1762 autem
635 1688 694 1760 hic
735 1689 827 1761 deus
868 1689 953 1761 inde
994 1714 1016 1761 a
1056 1688 1184 1785 priscis
1224 1701 1364 1785 tempo-

191 1812 290 1886 ribus
341 1812 439 1908 apud
476 1813 621 1909 plebem
658 1814 786 1886 saltem
838 1811 1043 1887 inferiorem
1090 1814 1287 1911 praecipue
1327 1814 1363 1886 in

191 1936 280 2010 locis
317 1937 421 2010 editis
457 1963 602 2034 semper
639 1964 777 2036 magno
814 1939 849 2010 in
877 1939 1018 2012 honore
1045 1936 1171 2013 fuisset
1197 1951 1233 2012 et
1260 1965 1283 2012 a
1315 1949 1366 2011 Διί

192 2062 296 2157 plura
324 2075 509 2137 mutuatus
537 2077 640 2150 esset,
669 2063 787 2136 Eliam
816 2075 964 2159 quoque
992 2063 1028 2136 in
1053 2064 1240 2138 montibus
1259 2086 1364 2137 vene-

192 2187 365 2259 rabantur
392 2201 428 2260 et
456 2188 570 2261 multa
597 2189 628 2262 ei
657 2188 901 2262 attribuebant
929 2187 1062 2275 officia
1089 2215 1185 2284 quae
1213 2189 1365 2284 antiqui-

191 2324 249 2384 tus
274 2322 324 2382 Λιί
346 2312 496 2409 propria
524 2312 675 2386 fuerant.

244 2437 349 2528 Quae
377 2462 460 2511 mea
486 2439 664 2512 sententia
689 2439 719 2512 si
748 2464 835 2512 vera
862 2453 925 2524 est
953 2438 1079 2512 illustri
1107 2437 1275 2534 exemplo
1303 2438 1364 2512 de-

191 2575 411 2635 monstrasse
449 2561 537 2636 mihi
573 2563 710 2650 videor,
746 2563 845 2636 haud
880 2565 1039 2638 absurde
1065 2563 1212 2660 saepius
1240 2563 1312 2636 iam
1341 2590 1364 2636 a

189 2711 221 2757 v,
260 2687 381 2773 Hahn,
410 2688 664 2774 Wachsmuth,
694 2689 823 2761 Bemh.
852 2668 1029 2774 Schmidt,
1056 2688 1182 2762 Politis
1210 2688 1370 2783 aliisque-

190 2811 422 2884 observatum
466 2838 545 2886 esse
585 2812 714 2887 studiis
756 2812 1006 2910 mythologiae
1047 2813 1363 2887 neohellenisticae

189 2935 394 3030 priscorum
420 2938 647 3011 Graecorum
672 2938 862 3011 numinum
879 2937 1165 3034 interpretationi
1180 2938 1361 3012 interdum

189 3060 308 3133 lucem
337 3061 458 3135 allerri
486 3087 596 3158 posse
609 3059 643 3162 ¹).

118 3284 121 3289 ’
228 3285 251 3348 1)
269 3285 354 3349 Digna
370 3295 435 3343 sunt,
455 3302 520 3350 quae
538 3285 662 3334 hocloco
680 3285 810 3334 laudentur
829 3287 904 3335 verba
923 3287 955 3336 E.
976 3287 1013 3336 H.
1032 3286 1136 3350 Meyeri,
1155 3285 1362 3349 Indog.Myth.I

192 3386 253 3425 102:
274 3375 356 3431 „Wer
375 3375 416 3423 ein
434 3373 567 3438 mdglichst
585 3374 781 3424 unverltlschtes
800 3376 864 3434 Bild‚
885 3376 930 3423 das
948 3375 1066 3432 antikste‚
1087 3391 1137 3423 von
1156 3375 1206 3424 den
1224 3374 1362 3424 volkstiim·

187 3464 270 3514 lichen
288 3463 425 3513 Unholden
435 3464 566 3527 gewinnen
584 3465 643 3522 will,
663 3464 707 3512 der
726 3465 783 3512 dars
788 3464 841 3513 sich
860 3463 928 3513 nicht
948 3491 980 3501 —
1003 3464 1049 3512 das
1059 3465 1091 3513 ist
1101 3465 1142 3513 die
1152 3464 1236 3512 Ironie
1248 3465 1292 3512 der
1302 3466 1361 3513 Tra·

189 3554 267 3602 dition
289 3568 374 3601 —an
398 3553 438 3601 die
463 3552 530 3601 alten
556 3552 731 3617 ehrwtirdigen
756 3553 881 3602 Clussiker
905 3554 1020 3611 wenden,
1041 3553 1082 3602 die
1102 3554 1151 3602 den
1169 3552 1361 3617 Volksglauben
1442 3594 1446 3601 .

189 3641 398 3705 totzuschweigen
417 3642 506 3700 beben,
531 3643 640 3690 so'ndern
659 3658 727 3691 muss
746 3659 778 3691 an
796 3643 837 3691 die
858 3645 943 3691 Ttiren
962 3645 1006 3691 des
1026 3641 1244 3692 neuhellenischen
1263 3641 1361 3692 Volkes

188 3730 293 3796 pochen‚
313 3733 360 3779 wie
378 3747 405 3780 es
424 3747 448 3781 v.
467 3730 547 3779 Hahn
566 3732 617 3780 und
637 3732 667 3780 B.
687 3730 801 3781 Schmidt
819 3740 893 3796 getan
912 3731 1019 3785 haben.”
