3090 4942
763 341 813 426 46

198 549 451 623 celebrabatur
484 571 539 621 τοῦ
569 560 647 640 ἱεροῦ
669 558 769 637 γάμου
793 562 829 622 et
872 549 1125 623 celebrabatur
1150 536 1201 621 ¹in
1241 549 1374 624 montis

198 675 396 749 cacumine.
446 674 583 747 Mirum
634 688 755 747 tamen
793 688 847 748 est
888 674 980 747 inter
1021 687 1076 746 tot
1117 688 1152 747 et
1195 688 1269 747 tam
1312 701 1371 747 va-

197 800 268 873 rias
323 799 572 884 caerimonias,
622 798 766 893 quibus,
821 813 971 872 auctore
1030 799 1220 886 Pausania,
1261 799 1369 872 huius

198 924 278 998 festi
328 951 433 998 sacra
474 924 697 997 conficerent
739 925 891 1010 Boeotii,
933 925 1069 997 nullam
1112 925 1160 997 ad
1201 924 1374 997 imbrium

197 1049 490 1144 implorationem
533 1062 727 1145 spectasse.
768 1051 877 1122 Tales
919 1049 1016 1122 enim
1054 1049 1143 1122 ritus
1177 1049 1212 1121 in
1245 1049 1374 1123 ceteris

197 1174 451 1248 huiuscemodi
480 1173 638 1247 cultibus
667 1174 847 1259 omnibus
874 1174 921 1246 de
950 1174 1084 1268 quibus
1111 1174 1223 1247 locuti
1238 1199 1374 1259 sumus

198 1300 346 1373 minime
384 1300 585 1372 defuerunt.
619 1299 740 1372 Etiam
776 1299 811 1370 in
846 1312 969 1372 monte
995 1298 1216 1372 Arachnaeo
1243 1298 1373 1396 Argivi

197 1450 474 1519 nonnumquam
517 1425 736 1497 avertendae
777 1413 948 1497 siccitatis
991 1449 1102 1497 causa
1140 1437 1188 1494 Διὶ
1212 1437 1261 1496 καὶ
1285 1435 1374 1517 Ἥρᾳ

197 1550 461 1636 sacrificabant,
489 1575 563 1643 qua
586 1549 633 1622 de
653 1576 691 1622 re
710 1550 801 1622 haec
815 1551 926 1628 habet
941 1549 1140 1622 Pausanias
1155 1549 1200 1646 (II
1220 1573 1237 1620 2
1247 1572 1277 1643 5,
1298 1549 1374 1644 10):

245 1677 338 1738 ’Ἔστι
365 1675 396 1736 δὲ
420 1676 486 1757 ὄρος
509 1677 586 1758 ὑπὲρ
611 1688 664 1757 τῆς
684 1677 810 1757 Λήσσης
836 1679 871 1737 τὸ
894 1675 1094 1758 Ἀραχναῖον,
1106 1673 1206 1736 πάλαι
1215 1673 1245 1736 δὲ
1258 1680 1374 1736 Σαπυ-

197 1783 335 1848 oaldzwr
368 1786 417 1846 ἐπὶ
452 1783 577 1868 Ἰνάχου
607 1789 641 1847 τὸ
675 1785 771 1864 ὄνομα
803 1781 923 1866 εἰλήφει·
953 1786 1049 1868 βωμοὶ
1082 1782 1113 1847 δέ
1137 1787 1209 1847 εἰσιν
1233 1785 1264 1847 ἓν
1287 1787 1373 1868 αὐτῷ

197 1895 269 1966 Λιός
299 1919 330 1955 τε
355 1898 405 1956 καὶ
428 1895 540 1976 Ἥρας·
565 1892 675 1977 barjona
698 1894 812 1978 ὄμβρου
836 1895 936 1973 σφίσιν
959 1895 1099 1956 ἐνταῦθα
1122 1895 1242 1956 θύουσι.

252 2004 309 2075 Ex
336 2003 379 2076 iis
407 2003 527 2100 igitur,
555 2029 650 2098 quae
678 2003 864 2076 attulimus
883 2003 979 2075 clare
998 2002 1071 2075 iam
1087 2016 1239 2098 apparet
1252 2001 1373 2074 varios

198 2128 234 2200 in
272 2129 404 2202 modos
442 2131 606 2203 Graecos
635 2128 746 2201 deum
779 2128 990 2224 «pluvium»
1023 2128 1179 2201 summis
1208 2127 1242 2199 in
1273 2152 1373 2198 mon-

197 2253 294 2326 tibus
322 2253 487 2326 coluisse.
515 2253 684 2327 Vidimus
712 2266 908 2349 praeterea,
936 2278 1054 2347 usque
1082 2279 1228 2348 quaque
1247 2253 1322 2325 fere
1337 2252 1372 2324 in

197 2379 287 2452 locis
326 2379 432 2451 editis
470 2389 541 2461 Διὸς
578 2378 724 2474 nuptias
761 2379 961 2451 celebratas
998 2404 1086 2452 esse.
1135 2377 1234 2470 Quid
1272 2379 1373 2472 quod

197 2503 306 2577 etiam
334 2505 425 2590 loca,
454 2503 517 2575 ubi
541 2514 616 2585 Ζεύς
641 2517 746 2577 natus
770 2517 879 2598 atque
894 2505 1071 2578 educatus
1086 2529 1166 2576 esse
1181 2504 1374 2590 ferebatur,

197 2628 394 2724 praecipue
423 2628 458 2700 in
488 2627 674 2701 montibus
707 2628 775 2701 sita
790 2631 910 2702 erant?
940 2632 979 2701 ln
1007 2629 1064 2702 his
1079 2630 1269 2703 Cretenses
1284 2654 1372 2725 prae

198 2753 326 2826 ceteris
375 2752 627 2850 gloriabantur
676 2753 819 2826 Rheam
871 2755 1059 2848 quondam
1108 2753 1217 2828 Croni
1260 2754 1372 2826 furias

197 2877 384 2950 timentem
423 2877 458 2949 in
499 2904 604 2952 suam
635 2877 788 2950 insulam
818 2878 1005 2976 refugisse,
1034 2879 1097 2952 ubi
1126 2879 1161 2950 in
1191 2878 1370 2952 montium

196 3002 345 3075 latebris
373 3015 518 3098 partum
547 3003 679 3088 ederet,
707 3003 771 3075 ubi
799 3003 933 3076 deinde
961 3004 1076 3077 filium
1097 3003 1270 3100 nymphis
1285 3005 1372 3077 edu·

197 3128 356 3200 candum
395 3128 593 3200 mandaret.
626 3127 696 3199 Vix
728 3153 822 3201 unus
850 3142 927 3202 erat
954 3129 990 3202 in
1019 3143 1095 3202 tota
1123 3129 1240 3202 insula
1268 3130 1371 3203 locus

197 3255 308 3348 paulo
342 3252 517 3349 superior,
556 3252 615 3347 qui
652 3277 725 3324 non
764 3254 894 3326 harum
924 3279 1044 3328 rerum
1074 3254 1372 3351 vestigia-osten-

197 3378 307 3451 deret.
346 3377 408 3451 Sic
438 3378 627 3451 Hesiodus
648 3375 671 3474 ¹)
701 3377 736 3448 in
766 3392 870 3451 antro
900 3381 1043 3452 excelso
1074 3379 1207 3452 montis
1230 3379 1370 3476 Aegaei

198 3503 340 3576 Rheam
370 3502 485 3574 filium
501 3502 737 3575 abscondisse
752 3517 1027 3590 commemorat,
1042 3503 1101 3577 alii
1116 3503 1140 3602 q
1156 3504 1269 3577 monti
1285 3504 1372 3577 Idae

198 3640 260 3699 aut
269 3627 376 3701 huius
388 3628 521 3701 montis
531 3654 698 3702 summae
708 3628 908 3726 parti,quae
918 3638 1072 3720 Πάνακρα
1082 3631 1371 3726 nuncupabatur,

198 3850 409 3858 ———-

236 4015 263 4083 1)
283 4018 345 4066 Hos.
365 4017 462 4080 Theog.
482 4018 532 4081 483
553 4035 608 4082 sqq.

234 4109 258 4166 2)
277 4106 316 4154 Cs.
341 4106 405 4157 Call.
431 4108 510 4170 Hym.
535 4109 559 4154 in
575 4109 633 4172 Jov.
654 4123 678 4170 4.
700 4120 741 4171 51.
761 4107 845 4158 Schol.
864 4109 938 4158 Pind.
958 4109 998 4158 Ol.
1019 4111 1044 4157 V
1064 4122 1106 4172 42.
1126 4108 1203 4159 Diod.
1222 4109 1271 4158 sic.
1291 4107 1369 4169 V70.

197 4195 284 4259 Apoll.
304 4195 370 4242 Bibl.
391 4197 402 4242 Ι
416 4208 437 4252 1,
451 4195 474 4252 ὑ,
488 4206 510 4255 7.
524 4195 609 4245 Schol.
622 4197 709 4260 Apoll.
720 4197 774 4245 Rh.
785 4201 847 4261 Arg.
858 4197 898 4244 III
913 4210 969 4260 134·
989 4198 1077 4262 Steph.
1087 4200 1148 4262 Byz.
1159 4216 1179 4248 s.
1190 4215 1213 4245 v.
1224 4200 1370 4272 Πάνακρα.
