3090 4942
753 364 797 432 52

188 568 375 628 aeternum
414 567 516 640 esset,
553 554 664 627 deum
698 568 885 628 aeternum
914 553 986 626 hoc
1014 553 1161 627 nomine
1189 567 1362 627 vocatum

187 705 286 778 esse.¹
303 680 408 773 Quae
445 679 594 775 quidem
632 705 766 753 vocum
805 679 921 776 orig0,
957 679 1040 752 licet
1077 679 1211 752 aviris
1236 679 1363 764 doctis

186 805 248 900 qui
285 804 415 878 studiis
443 803 699 902 etymologicis
727 830 767 878 se
795 805 982 889 dederunt,
1011 803 1046 875 in
1076 804 1361 878 controversiam

185 943 336 1003 vocetur
361 925 396 1027 1),
425 930 577 1003 dubium
606 945 728 1003 tamen
757 929 816 1002 vix
843 949 923 1002 ¹esse
945 942 1074 1025 potest,
1093 928 1180 1024 quin
1200 928 1362 1001 terminis

185 1090 247 1143 ιον,
271 1063 335 1147 utne
356 1054 554 1150 antiquitus
582 1054 836 1157 patronymica
863 1053 917 1127 vis
945 1053 1109 1140 defuerit,
1124 1067 1163 1126 ut
1182 1052 1361 1149 principio

183 1186 334 1270 Κρονίδης
371 1193 408 1252 et
439 1191 580 1271 Κρονίων
603 1179 701 1252 idem
731 1179 805 1252 fere
832 1179 968 1252 valeret
996 1179 1096 1273 quod
1121 1189 1248 1269 Κρόνος,
1285 1177 1361 1272 qui-

182 1304 252 1376 bus
280 1302 433 1377 vocibus
460 1304 583 1377 divina
611 1304 792 1399 quaedam
822 1303 991 1376 maiestas
1019 1303 1247 1388 indicaretur,
1266 1328 1361 1397 quae

182 1428 379 1525 praecipue
415 1454 561 1502 summo
590 1430 661 1502 deo
686 1440 736 1500 Λνί
759 1428 1015 1502 attribueretur
1042 1428 1193 1523 eiusque
1221 1411 1360 1499 nomini

182 1566 370 1648 tamquam
413 1574 620 1650 cognomen
662 1554 866 1627 adderetur.
904 1554 1009 1646 Quae
1045 1578 1159 1648 quum
1194 1551 1243 1624 ita
1279 1551 1359 1636 sint,

182 1702 359 1773 perquam
388 1678 582 1752 verisimile
608 1678 695 1751 mihi
715 1678 859 1751 videtur
878 1677 1005 1774 priscis
1023 1677 1253 1773 temporibus
1268 1675 1360 1748 inter

183 1811 244 1872 Δία
267 1813 429 1894 Κρονίωνα
457 1817 493 1876 et
524 1814 645 1895 Κρόνον
676 1802 737 1875 vix
769 1803 970 1898 quidquam
1008 1801 1227 1874 discriminis
1255 1801 1359 1873 inter-

182 1923 301 1998 fuisse.
348 1927 532 2020 Quocirca
579 1928 712 2000 mirum
759 1953 832 2000 non
874 1942 928 2001 est
969 1940 1092 1999 vetera
1130 1928 1359 1999 documenta

182 2052 373 2146 complura
413 2055 581 2149 probare,
624 2063 734 2148 Κρόνῳ
771 2052 870 2125 haud
912 2052 1015 2124 aliter
1057 2077 1167 2146 quam
1207 2061 1257 2121 Λνί
1289 2050 1357 2146 ipsi

181 2176 378 2273 praecipue
387 2176 423 2249 in
438 2177 528 2251 locis
543 2176 694 2250 excelsis
708 2177 867 2251 honores
883 2177 1026 2250 divinos
1041 2175 1224 2249 adhibitos
1235 2172 1358 2273 esse2).

235 2301 328 2374 Cum
366 2301 438 2374 iam
476 2328 628 2399 pergam
667 2302 797 2375 ordine
829 2327 1020 2398 exponere,
1054 2326 1234 2396 quosnam
1263 2301 1354 2372 deos

181 2425 217 2497 in
245 2426 334 2499 locis
363 2427 468 2499 editis
496 2428 616 2500 colere
643 2426 739 2499 soliti
768 2427 840 2500 sint
868 2426 1009 2512 Graeci,
1037 2439 1180 2522 praeter
1204 2435 1273 2510 Δία,
1296 2424 1355 2497 cui

182 2551 346 2624 omnium
384 2551 542 2624 maxime
580 2564 722 2624 montes
750 2566 852 2625 erant
884 2551 1095 2637 consecrati,
1122 2551 1243 2648 primo
1271 2550 1354 2622 loco

182 2677 418 2749 enumerandi
446 2689 530 2749 sunt
558 2676 627 2761 dei,
655 2677 717 2770 qui
746 2676 924 2773 imprimis
952 2677 1052 2772 apud
1079 2689 1245 2774 pastores
1269 2674 1357 2748 anti·

181 2800 303 2896 quitus
332 2801 367 2873 in
395 2800 535 2874 honore
563 2815 673 2886 erant,
698 2817 804 2889 Πᾶνα,
827 2814 986 2888 Λνόνοοον,
1010 2815 1136 2893 Ἑρμῆν,
1160 2805 1356 2872 Ἀπόλλωνα

182 2925 266 2998 dico
286 2921 320 3024 ³).

220 3284 242 3341 1)
260 3282 313 3331 Alii
339 3299 354 3330 a
382 3283 458 3346 stirpe
487 3299 535 3355 κερ
555 3282 665 3355 (κείρω)
686 3280 813 3331 deducunt
831 3282 952 3345 originem
972 3281 1020 3345 (Cf.
1040 3282 1075 3331 H.
1096 3284 1129 3331 D.
1154 3282 1250 3341 Muelt,
1271 3279 1353 3346 Myrh.

180 3376 204 3424 d.
225 3376 268 3425 Gr.
286 3376 323 3425 St.
343 3375 370 3422 ΙΙ
392 3378 460 3439 137),
479 3376 522 3424 alii
541 3378 642 3425 averbo
662 3378 770 3449 κραίνω
791 3376 843 3439 (ct.
857 3376 1015 3425 Prell.-Rob.
1030 3376 1072 3424 Gr.
1085 3375 1167 3439 Myth.
1177 3375 1229 3446 {51
1245 3381 1323 3426 Anm.
1338 3390 1353 3438 4

180 3469 216 3517 H.
235 3471 340 3528 Usener,
360 3470 475 3520 Gottern.
496 3469 547 3532 26).

217 3562 241 3620 2)
260 3559 335 3623 Quod
354 3561 452 3608 suerunt
470 3561 542 3609 multi
560 3560 642 3619 colles,
662 3561 705 3624 qui
730 3560 839 3634 Κρόνια
851 3559 1049 3616 nominabantur,
1064 3559 1089 3606 id
1100 3559 1247 3606 Hermanno
1257 3559 1355 3606 Usener

180 3655 330 3703 documento
349 3655 403 3712 fuit,
432 3657 492 3709 Δία
522 3655 605 3720 ipsum
635 3655 759 3704 interdum
778 3655 891 3729 Κρόνον
909 3661 1025 3703 vocatum
1035 3669 1096 3702 esse.
1117 3652 1242 3716 (Gottern.
1262 3669 1287 3717 p.
1301 3650 1354 3718 27.)

183 3751 264 3808 ,Dnss
292 3752 317 3798 in
345 3751 389 3799 der
418 3751 473 3799 that
501 3752 564 3800 Zeus
589 3751 666 3800 selbst
694 3751 758 3800 auch
787 3752 898 3826 Κρόνος
925 3751 1035 3799 benannt
1054 3749 1147 3807 wurde‚
1167 3749 1228 3812 solgt
1246 3765 1291 3797 aus
1309 3749 1354 3796 der

181 3845 315 3904 nachricht,
335 3846 393 3894 dass
411 3846 438 3894 in
459 3845 560 3895 Sicilien
580 3847 631 3895 und
650 3847 852 3897 anderwartsbei
863 3842 1353 3907 denwesdichenGriechenberghohen

179 3934 263 3998 htiufig
290 3935 338 3983 den
367 3950 457 3983 namen
484 3934 597 4008 Κρόνια
627 3945 725 3999 trugen:
755 3937 822 3985 denn
842 3937 906 3984 Zeus
925 3936 957 3983 ist
976 3951 1010 3992 es,
1030 3935 1074 3982 der
1092 3940 1147 3997 gott
1164 3932 1209 3981 des
1227 3931 1353 3981 himmels-

179 4030 266 4080 lichtes
285 4031 336 4078 und
354 4032 398 4079 des
417 4047 511 4094 regens,
531 4032 588 4080 dem
608 4032 651 4080 der
667 4032 716 4080 alte
734 4032 813 4081 cultus
832 4032 877 4081 aus
891 4031 941 4091 den
959 4030 1115 4095 berggipfeln
1134 4029 1245 4092 eignet.''

216 4123 241 4182 3)
259 4121 371 4183 Dignum
389 4129 426 4169 est
445 4122 513 4184 quod
531 4121 675 4169 observetur
694 4121 768 4169 etiam
788 4122 855 4185 apud
875 4121 953 4168 Indos
972 4121 1046 4168 deum
1057 4118 1207 4183 pastoralem
1219 4118 1351 4176 „Rudra”,

180 4224 256 4274 saepe
274 4209 397 4259 montium
415 4210 556 4274 praesidem
575 4210 664 4258 vocari.
683 4210 722 4258 ct.
743 4211 778 4256 H.
798 4210 917 4267 Oldenb.,
936 4210 985 4258 Die
995 4208 1080 4271 Relig.
1091 4208 1116 4256 d.
1127 4208 1201 4257 Veda
1210 4224 1254 4273 pp.
1265 4206 1352 4255 216·—
