3090 4942
762 397 781 467 3

181 593 394 689 heroesque‚
423 593 486 688 qui
514 592 676 665 humana
702 592 825 688 specie
853 591 979 678 induti,
1007 617 1135 665 omnes
1163 591 1273 666 hasce
1288 590 1359 666 ¹res

181 719 357 792 coelestes
385 731 707 813 repraesentarent.
728 713 754 816 1)

237 846 372 939 Neque
409 842 626 940 mythologi,
654 842 717 938 qui
745 841 916 915 dicuntur
944 842 1193 938 comparativi,
1221 856 1358 915 rectam

183 970 329 1068 mythos
366 967 625 1064 interpretandi
653 967 750 1040 viam
780 966 933 1064 ingressi
962 992 1042 1041 esse
1070 966 1158 1039 mihi
1179 967 1359 1041 videntur.

184 1097 280 1167 Inter
307 1119 402 1189 quos
430 1095 518 1165 Max
547 1092 701 1165 Mueller
729 1092 917 1165 doctrinae
931 1091 1039 1188 copia
1053 1092 1264 1188 ingeniique
1278 1117 1360 1166 acu·

185 1219 282 1292 mine
311 1218 491 1304 omnibus
519 1217 581 1313 qui
609 1217 710 1290 hisce
737 1217 866 1291 studiis
894 1242 934 1290 se
962 1218 1151 1304 dederunt,
1170 1218 1281 1314 longe
1301 1244 1361 1290 an-

183 1344 364 1428 tecedens,
392 1343 574 1416 indelessa
601 1342 778 1416 industria
805 1368 871 1439 per
897 1357 1012 1416 totam
1032 1342 1143 1416 vitam
1159 1357 1361 1439 occupatus

185 1469 253 1542 fuit
293 1468 328 1541 in
366 1468 582 1564 colligendis
610 1482 654 1554 et,
682 1482 859 1564 quantum
889 1468 966 1541 fieri
994 1468 1123 1565 potuit,
1151 1468 1361 1565 digerendis

186 1593 318 1666 labulis
360 1594 407 1666 de
447 1572 517 1666 diis
559 1595 774 1688 deabusque
816 1618 941 1666 earum
982 1593 1158 1689 gentium,
1191 1619 1286 1689 quae
1314 1594 1361 1665 ad

186 1718 359 1790 familiam
393 1719 818 1793 «Indo-Germanorum»
851 1718 1064 1791 referuntur.
1094 1718 1220 1790 Nihilo
1238 1733 1361 1791 tamen

187 1843 307 1917 minus
335 1843 413 1916 viro
442 1844 594 1940 egregio
623 1843 809 1940 inceptum
839 1868 969 1939 parum
998 1843 1183 1917 successit.
1211 1845 1362 1916 Persua-

186 1994 268 2041 sum
319 1968 415 2041 enim
466 1969 635 2055 habebat,
681 1994 725 2041 ex
779 1994 853 2041 uno
905 1968 1005 2041 lonte
1046 1993 1174 2041 omnes
1216 1969 1363 2065 mythos

186 2093 419 2188 populorum,
464 2094 527 2188 qui
578 2094 625 2166 ad
667 2094 981 2168 Indo-Germanos
1022 2093 1250 2188 pertinerent,
1281 2119 1363 2188 pro-

188 2218 354 2303 lluxisse;
396 2244 507 2313 quam
550 2218 700 2312 quidem
743 2218 953 2314 opinionem
998 2218 1105 2291 certis
1138 2218 1363 2315 argumentis

189 2343 417 2428 confirmare,
444 2343 474 2416 si
494 2342 584 2437 quid
599 2342 717 2426 video,
732 2342 882 2416 minime
901 2358 1089 2417 assecutus
1103 2357 1166 2417 est.
1180 2341 1205 2442 ²)
1235 2346 1363 2429 Imm0,

187 2468 260 2540 iam
290 2467 409 2564 magis
437 2467 629 2564 magisque
657 2481 818 2564 apparet,
842 2469 1054 2564 praesertim
1083 2468 1213 2541 studiis
1237 2469 1362 2542 ethno-

188 2593 370 2689 logorum,
398 2618 526 2665 omnes
555 2594 713 2688 populos
741 2593 897 2667 incultos
921 2594 1190 2688 quadamtenus
1214 2594 1361 2667 easdem

188 2718 245 2791 vel
273 2731 371 2791 certe
398 2717 605 2791 consimiles
634 2719 681 2790 de
695 2719 849 2790 deorum
866 2732 996 2791 natura
1009 2718 1177 2792 notiones
1191 2718 1364 2790 habuisse

188 2845 414 2938 eosdemque
440 2843 599 2916 honores
627 2842 670 2916 iis
689 2843 908 2917 adhibuisse.
937 2844 1151 2918 Cavendum
1172 2842 1283 2939 igitur
1297 2855 1360 2927 est,

187 2993 232 3039 ne
269 2968 429 3040 duorum
458 2968 682 3063 populorum
713 2967 843 3040 iisdem
873 2968 1103 3041 caerimoniis
1132 2968 1167 3040 in
1197 2967 1361 3040 colendis

188 3092 267 3165 deis
305 3092 515 3180 observatis
550 3092 672 3165 statim
711 3118 779 3189 pro
817 3107 919 3167 certo
957 3107 1170 3179 statuamus,
1208 3117 1272 3165 eos
1301 3107 1365 3165 aut

230 3363 252 3420 ι)
279 3361 346 3408 Vide
375 3361 406 3409 O.
435 3361 545 3425 Gruppe.
575 3361 646 3410 Burs.
669 3360 755 3424 Jahrb.
784 3374 850 3422 1900
874 3373 905 3423 3e
929 3362 992 3410 Abt.
1016 3377 1040 3425 p.
1070 3374 1127 3423 141.
1157 3359 1291 3416 „Ziemllch
1319 3360 1366 3409 alle

191 3448 312 3496 Forscher
330 3449 374 3497 der
392 3451 500 3498 Neuzeit
518 3450 581 3503 sind,
602 3466 630 3496 so
649 3449 809 3497 verschieden
828 3449 892 3498 auch
910 3459 980 3498 sonst
998 3450 1036 3497 ihr
1055 3449 1214 3513 Standpunht
1231 3451 1284 3497 sein
1300 3466 1364 3513 mag,

192 3538 279 3584 immer
297 3537 366 3585 mehr
384 3555 434 3585 von
453 3539 496 3585 der
514 3538 685 3599 Anschauung
704 3538 952 3601 zurdckgekommen,
972 3539 1029 3585 dass
1048 3539 1089 3586 die
1102 3539 1191 3587 thter
1202 3540 1254 3586 und
1265 3539 1367 3587 Heroen

191 3625 383 3690 persouihcierte
403 3627 653 3690 Himmelsvorgiinge
673 3628 766 3675 seien.''

229 3718 253 3772 2)
272 3715 312 3762 De
330 3717 489 3776 argumentis
508 3732 571 3779 quae
591 3732 619 3763 ex
636 3716 775 3777 linguarum
795 3717 979 3780 comparatione
998 3717 1112 3780 sumpsit,
1132 3717 1254 3779 equidem,
1274 3719 1366 3782 quippe

192 3805 234 3867 qui
262 3804 288 3851 in
316 3803 383 3852 hisee
410 3805 498 3853 studiis
526 3804 600 3868 plane
619 3804 710 3868 hospes
730 3806 785 3863 sim,
805 3812 896 3853 certam
914 3806 1023 3869 proferre
1042 3806 1190 3853 sententium
1209 3822 1260 3854 non
1278 3808 1365 3854 ausim.

195 3894 290 3941 Verum
319 3893 344 3940 id
372 3909 449 3940 unum
475 3893 633 3941 observatum
662 3894 744 3949 velim,
765 3901 861 3941 tantum
880 3894 974 3950 abesse,
994 3903 1021 3942 ut
1040 3893 1086 3942 viri
1104 3895 1172 3942 docti
1191 3894 1230 3942 his
1249 3895 1274 3942 in
1293 3895 1366 3942 rebus

191 3983 355 4038 consentiant,
384 3991 410 4030 ut
439 3983 523 4045 potius
552 3981 645 4030 bellum
676 3983 853 4030 internecivum
872 3984 935 4031 inter
953 3999 1007 4031 sese
1025 3999 1109 4045 gerere
1127 3984 1265 4034 videantur.
1294 3985 1366 4031 Unus

192 4079 289 4120 tantum
311 4072 372 4119 deus
390 4071 559 4135 Dyaushpitar
575 4069 656 4131 (Ζεύς
677 4071 776 4144 πατήρ,
789 4070 912 4136 Iuppiter)
922 4073 1048 4120 communi
1062 4073 1174 4120 omnium
1186 4074 1235 4119 lere
1246 4088 1367 4120 consensu

192 4161 308 4210 omnibus
326 4161 425 4225 populis
444 4161 654 4209 Indo-Germanis
671 4163 819 4218 attribuitur,
839 4176 991 4224 quamquam
1011 4177 1061 4209 non
1080 4162 1178 4218 desunt,
1198 4163 1240 4224 qui
1260 4178 1290 4208 ne
1307 4161 1366 4209 illud

191 4250 293 4314 quidem
312 4250 456 4298 concedant.
477 4250 516 4299 cf.
527 4267 548 4298 e.
559 4268 583 4314 g.
603 4251 635 4299 O.
654 4251 766 4316 Gruppe,
787 4250 867 4299 Kulte
886 4267 910 4299 u.
930 4250 1013 4315 Myth.
1034 4267 1077 4315 pp.
1101 4264 1148 4312 119
1169 4266 1207 4314 sq.
