3106 4942
658 379 796 449 <97

734 591 814 663 XII.

241 753 329 826 Plat.
358 753 418 825 De
445 777 484 825 re
511 752 610 848 publ.
637 777 722 850 pag.
739 758 813 845 358
829 753 884 823 A:

187 875 269 940 ἀλλὰ
297 890 354 941 τοῦ
383 878 534 940 ἐπιπόνου
564 876 669 955 εἴδους,
702 880 717 940 ὃ
748 884 869 958 μισθῶν
902 875 934 939 θ’
958 872 1044 939 ἐνεκα
1068 880 1117 938 καὶ
1142 874 1359 958 εὐδοκιμήσεων

187 987 239 1050 διὰ
268 986 362 1060 δόξαν
391 985 613 1068 ἐπιτηδευτέον.

242 1096 443 1170 Deleantur
470 1098 583 1170 verba
613 1103 664 1167 διὰ
687 1103 789 1178 δόξαν.
876 1171 879 1174 .

725 1313 821 1384 XIII.

241 1472 329 1544 Plat.
358 1472 418 1544 De
445 1496 484 1544 re
511 1471 611 1566 publ.
639 1497 722 1569 pag.
742 1495 816 1564 407
839 1473 885 1546 C:

324 1593 411 1674 ὥστε,
441 1594 503 1679 ὅπη
534 1595 624 1679 αὕτη,
655 1600 744 1681 ἀρετη
777 1601 912 1660 ἀσκεῖται
943 1624 968 1660 κ.
984 1623 1009 1659 τ.
1023 1595 1052 1658 λ.

244 1707 460 1802 Legendum
490 1719 544 1779 est
571 1712 647 1778 ὥστε
671 1714 762 1797 αὕτη,
786 1712 848 1798 όπη
871 1718 962 1798 ἀρετὴ
986 1718 1121 1777 ἀσκεῖται
1145 1740 1171 1776 κ.
1183 1739 1210 1776 τ.
1224 1712 1252 1776 λ.

731 1920 827 1991 XIV.

241 2082 408 2184 Thucyd.
424 2082 473 2154 IV
495 2088 553 2175 85,
574 2087 615 2153 6:

189 2211 239 2269 καί
268 2212 324 2289 τὴν
350 2208 453 2269 αἰτίαν
480 2209 535 2289 οὐχ
565 2202 623 2278 ἐξω
650 2210 764 2288 πιστὴν
787 2203 1015 2281 ἀποδεικνύναι,
1039 2201 1108 2265 ἀλλ’
1135 2204 1153 2284 ἢ
1176 2202 1282 2265 ἄδικον
1305 2207 1362 2285 τὴν

189 2313 364 2399 ἐλευθερίαν
394 2315 543 2398 ἐπιφέρειν
574 2315 592 2396 ἢ
623 2318 754 2397 ἀσθενὴς
783 2319 832 2377 καὶ
857 2313 1009 2386 ἀδύνατοιΙ
1034 2325 1199 2395 τιμωρῆσαι
1224 2315 1263 2374 τὰ
1280 2314 1362 2394 ’πρὸς

189 2426 394 2508 Ἀθηναίους,
423 2427 476 2488 ἐὰν
499 2426 633 2501 ἐπίωσιν,
658 2427 798 2507 ἀφῖχθαι.

244 2537 316 2607 Pro
348 2542 497 2625 ἐπιφέρειν
527 2534 671 2630 legatur
700 2541 859 2624 ἐπιφέρων.

736 2749 815 2820 XV.

243 2910 443 3006 Thucyd.I
471 2932 527 3000 73,
551 2933 589 2981 2:
618 2911 672 2982 Ita
698 2909 856 3007 legenda
883 2908 1068 2983 videntur:

190 3040 240 3098 καὶ
263 3038 320 3118 γὰρ
344 3032 393 3097 ότι
424 3034 562 3117 ἐδρῶμεν,
594 3033 643 3097 ἐπ’
669 3032 783 3120 ὠφελίᾳ
811 3033 1025 3111 ἐκινδυνεύετο,
1056 3030 1089 3116 ἧς
1112 3034 1245 3115 τοῦμὲν
1267 3029 1363 3115 ἐργου,

190 3145 218 3206 εί
238 3171 267 3206 τι
288 3144 374 3228 μέρος
396 3143 560 3227 μετέσχετε,
582 3157 638 3207 τοῦ
663 3142 693 3206 δέ
718 3143 810 3223 λόγου
833 3149 874 3227 μὴ
900 3148 1019 3217 παντὸς
1043 3143 1280 3225 στερισκώμεθα.

732 3343 828 3414 XVI.

245 3506 351 3577 Paus.
372 3504 421 3575 III
448 3527 525 3594 14‚2
556 3505 634 3576 sub.
655 3502 731 3576 fin.:

190 3627 396 3691 ἐπανελθοῦσι
421 3626 451 3689 δέ
475 3631 572 3690 ὀπίσω
593 3633 668 3712 πρὸς
691 3633 748 3712 τὴν
771 3628 878 3712 λέσχην
898 3629 979 3690 ἐστὶν
1003 3625 1185 3710 Ἀρτέμιδος
1206 3627 1365 3708 Ἰσσωρίας

191 3740 275 3821 ἱερόν·
307 3737 526 3818 ἐπονομάζουσι
557 3737 588 3800 δέ
616 3741 715 3821 αὐτὴν
738 3743 788 3801 καὶ
811 3738 979 3818 Λιμναίαν,
1002 3732 1098 3799 οὖσαν
1121 3738 1175 3798 οὐκ
1200 3735 1365 3817 Ἄρτεμιν,

192 3849 401 3930 Βριτόμαρτιν
432 3846 462 3908 δέ
491 3852 547 3931 τὴν
578 3853 719 3930 Κρητῶν·
753 3852 792 3909 τὰ
826 3846 856 3909 δέ
886 3849 914 3920 ἐς
942 3849 1041 3929 αὐτὴν
1069 3849 1084 3907 ό
1117 3845 1278 3923 Αἰγιναῖος
1308 3841 1363 3927 ἐχει

191 3984 241 4038 μοι
265 3954 361 4033 λόγος.

246 4066 439 4138 Vocabula
460 4075 665 4141 ἐπανελθοῦσι
690 4091 806 4160 usque
826 4066 873 4138 ad
898 4077 973 4156 ἱερὸν
991 4065 1263 4160 transponenda
1281 4077 1365 4136 sunt

151 4251 152 4255 ,
192 4206 276 4287 pOSt
303 4214 382 4262 VOC.
414 4198 510 4279 λόγος.
