3106 4942
755 349 798 415 61

193 557 264 631 hoc
292 557 376 630 loco
401 563 608 638 Ἀπόλλωοος
635 566 798 648 Προοψίου
822 581 885 629 ara
899 555 1006 630 luerit
1020 570 1202 630 exstructa
1216 553 1249 655 1).
1270 558 1363 630 Ean-

193 683 277 755 dem
307 684 356 754 ob
372 707 520 755 causam
533 687 707 753 Ἀπόλλων
720 680 890 780 ‹1›uvarog‘²)
906 681 941 753 in
957 682 1210 778 promontorio
1225 682 1363 756 insulae

142 828 144 832 ·
194 807 283 893 Chii,
325 813 499 878 Ἀπόλλωο
534 799 756 902 Ἀἰγλήοηςῆ
798 806 834 878 in
876 807 956 880 altis
994 807 1146 903 rupibus
1182 808 1363 903 Anaphae

193 932 339 1017 insulae,
364 937 538 1002 Ἀπόλλωο
562 937 741 1020 Ἐοοοόήλιο,ὶ
754 931 778 1028 ⁴)
812 931 847 1003 in
875 932 1081 1006 Laconicae
1109 933 1362 1028 promontorio

193 1057 301 1130 Delio
329 1057 405 1129 sive
433 1054 604 1151 Epidelio
633 1080 655 1126 a
682 1055 958 1152 navigatoribus
987 1056 1183 1130 colebatur.
1361 1055 1363 1066 '

246 1181 367 1255 Etiam
408 1195 508 1254 extra
537 1179 714 1253 Graeciae
739 1180 830 1253 fines
860 1182 989 1267 Dores,
1018 1182 1160 1276 quibus,
1188 1182 1217 1254 si
1251 1183 1289 1256 C.
1318 1183 1361 1256 Ο.

192 1307 370 1379 Muellero
418 1306 620 1389 credamus,
666 1305 849 1400 Apollinis
891 1308 1009 1379 cultus
1059 1306 1230 1402 proprius
1275 1320 1361 1391 erat,

191 1433 289 1504 hunc
326 1433 435 1505 deum
474 1456 599 1503 secum
638 1430 827 1504 duxerunt.
868 1434 908 1504 In
946 1431 1074 1506 Cariae
1107 1432 1360 1528 promontorio

195 1566 330 1649 Τριοπίῳ
352 1557 429 1630 sive
455 1567 579 1649 Τριόπῳ
602 1555 780 1650 templum
800 1556 983 1653 Apollinis
1001 1555 1163 1652 Triopici
1192 1556 1361 1630 aedifica-

190 1694 320 1753 verant
360 1682 500 1755 incolae
541 1706 604 1753 sex
651 1679 848 1768 civitatum,
890 1708 985 1778 quae
1026 1681 1176 1754 foedere
1219 1681 1362 1754 iunctae

191 1818 293 1878 erant
316 1813 564 1898 (,,Ἓξάπολις”),
588 1823 628 1881 ut
660 1809 847 1883 communi
876 1808 947 1880 deo
966 1806 1108 1888 Dorico
1136 1830 1241 1878 sacra
1269 1805 1361 1879 face-

191 1944 270 2002 rent
296 1930 593 2028 solemnibusque
621 1935 880 2008 certaminibus
908 1933 1000 2006 Iesta
1027 1943 1186 2028 agerent.
1219 1930 1271 2004 Cf.
1288 1932 1362 2004 He-

191 2056 298 2127 rod.I
321 2081 401 2147 144.
416 2056 526 2130 Dion.
546 2059 677 2133 Hallic.
693 2061 743 2132 IV
762 2082 819 2153 25.
848 2057 969 2132 Schol.
993 2057 1147 2129 Theocr.
1170 2056 1275 2128 XVII
1298 2062 1358 2147 69.

191 2180 229 2253 C.
258 2180 302 2253 O.
330 2181 493 2254 Mueller.
523 2183 612 2256 Dor.
641 2185 656 2255 I
686 2210 745 2281 pp.
779 2208 847 2277 105
875 2210 953 2278 sqq.
1271 2165 1272 2168 Ἴ

244 2306 435 2378 Postremo
455 2309 683 2384 memorandi
702 2323 786 2383 sunt
801 2311 975 2378 Ἀπολλων
988 2310 1115 2393 Μύλας,
1127 2304 1185 2376 cui
1205 2305 1361 2377 &Rhodi

192 2430 444 2528 promontorio
455 2433 618 2526 quodam
634 2460 842 2531 cognomen
858 2432 1012 2504 inditum
1032 2442 1109 2503 erat
1127 2442 1162 2502 et
1186 2435 1361 2501 Ἀπόλλωο

190 2562 352 2644 Λιοήοιος,
389 2555 451 2650 qui
494 2557 593 2644 deuS,
635 2574 756 2633 utrum
800 2559 835 2631 in
879 2556 1083 2630 Laconicae
1107 2554 1360 2650 promontorio

191 2677 320 2762 Malea,
340 2705 385 2752 an
408 2706 526 2779 prope
540 2683 719 2758 Creticam
740 2685 868 2757 urbem
884 2683 1081 2754 Phaestum
1102 2678 1219 2751 cultus
1238 2677 1292 2764 sit,
1311 2678 1361 2750 in-

189 2816 309 2876 certus
338 2818 399 2878 est.
429 2808 538 2880 Hanc
563 2809 772 2905 opinionem
797 2811 929 2906 probat
944 2806 1113 2880 Meineke
1126 2802 1244 2898 (Anal.
1257 2803 1360 2875 Alex.

189 2952 222 3023 p.
249 2935 292 3002 18
300 2930 342 3027 5),
370 2930 443 3025 qui,
476 2958 559 3006 mea
586 2935 735 3029 quidem
764 2933 950 3019 sententia,
973 2929 1122 3029 egregie
1140 2929 1230 3001 haec
1250 2954 1360 3000 anno-

188 3053 277 3125 tavit
305 3055 352 3126 ad
386 3056 510 3153 Steph.
540 3060 625 3155 Byz.
653 3085 680 3133 S.
698 3086 730 3133 v.
762 3069 915 3150 Λοθήσιος
939 3102 983 3112 —
1008 3067 1023 3126 ὁ
1047 3061 1221 3125 Ἀπόλλων
1251 3063 1282 3124 ἓν
1316 3075 1359 3148 τῷ

189 3176 307 3267 Μαλέᾳ
342 3177 422 3266 λίθῳ
457 3182 691 3266 προοιδρυμὲοος
726 3186 790 3246 ἐκεῖ·
825 3187 950 3255 Ῥιανὸς
984 3178 1144 3242 Ἠλιακῶν
1179 3179 1272 3262 τρίτῳ
1296 3197 1358 3237 -:

187 3287 256 3370 „At
294 3314 407 3382 quum
446 3293 546 3387 apud
575 3295 783 3367 Homerum
808 3329 826 3380 γ
854 3315 937 3385 295,
965 3289 1028 3364 ubi
1055 3300 1183 3384 portus
1212 3285 1358 3357 Phaesti

189 3411 352 3490 Creticae
379 3415 481 3489 urbis
509 3417 735 3504 describitur,
764 3419 800 3489 in
828 3417 967 3490 verbis:

347 3535 425 3602 ’ἔνθα
448 3542 536 3615 νότος
558 3543 634 3622 μέχα
658 3556 740 3623 κῦμα
765 3547 838 3606 ποτὶ
863 3544 968 3604 σκαιὸν
991 3542 1055 3622 palu
1081 3540 1165 3610 oillei,

346 3649 375 3721 ἐς
400 3652 546 3728 ψαιστόν,
568 3655 670 3735 μικρὸς
694 3650 725 3714 δὲ
750 3649 837 3724 λίθος
860 3650 937 3731 μέγα
961 3647 1030 3730 κῦμ’
1054 3644 1203 3728 ἀποέργει·
1281 3671 1284 3676 ·

193 3903 195 3906 Ι
226 3828 248 3887 1)
268 3826 307 3876 Cs.
327 3828 402 3878 Paus.
420 3829 433 3875 Ι
452 3842 521 3891 32‚2·
790 3830 1249 3894 2)CI.Hesych.s.v.‹11avm'oc.

224 3917 250 3986 3)
269 3922 351 3972 Strab.
369 3924 399 3970 X
418 3924 479 3987 484.
496 3925 583 3990 Apoll.
602 3927 615 3973 I
634 3939 658 3987 9,
679 3925 721 3976 26.

224 4010 249 4071 4)
276 4009 316 4059 Cf.
335 4012 410 4061 Paus.
429 4013 471 4060 III
490 4026 558 4075 23‚2.
577 4015 659 4063 Strab.
679 4015 747 4063 VIII
766 4014 826 4076 360.
862 4015 888 4062 S.
909 4015 995 4074 Wide,
1015 4015 1077 4066 Lnk.
1098 4016 1135 4065 K.
1153 4029 1200 4078 93:
1231 4016 1358 4081 „Apollon

188 4094 339 4167 ἑπιᾶήλιος
362 4102 393 4148 ist
412 4101 616 4151 wahrscheinlich
636 4104 680 4151 der
698 4103 815 4168 plotzlich
835 4103 1018 4164 erscheInende,
1038 4105 1214 4168 aulgltinzendc
1234 4106 1296 4155 Gott
1314 4106 1358 4153 der

188 4193 296 4242 Schiffer
315 4197 366 4243 und
384 4196 542 4246 Schiffahrt.”
825 4200 851 4261 5)
870 4199 909 4247 Cf.
929 4197 1017 4263 steph.
1035 4200 1096 4264 Byz.
1114 4215 1136 4251 s.
1145 4216 1168 4246 v.
1187 4196 1298 4259 Μύλας.
