3106 4942
748 373 791 438 31

180 564 310 661 perdiu
348 563 537 650 remansit;
573 563 817 660 Theophrasti
854 563 982 636 saltem
1021 576 1138 636 aetate
1171 561 1356 650 exstitisse,

182 716 249 786 pro
287 704 387 763 certo
424 703 574 764 constat.
603 690 655 764 Cf.
683 690 867 786 Theophr.
895 689 995 784 apud
1024 688 1281 786 Porphyrium,
1309 689 1356 762 de

182 817 274 888 abst.
312 817 344 887 ll
377 837 434 905 27.
463 822 517 905 ἀφ’
541 819 577 885 οὗ
600 823 682 907 μέχρι
707 836 763 886 τοῦ
787 835 843 886 aaa
866 825 921 885 οὐκ
946 823 978 885 ἐκ
998 820 1154 908 Ἀρκαδία
1176 824 1270 903 μόνον
1294 838 1357 898 τοῖς

183 943 341 1017 Λυκαίοις,
370 939 435 1002 οὐδ’
469 942 500 1004 ἔκ
531 938 707 1023 Καρχηδόνι
736 952 780 1025 τῷ.
803 941 912 1027 Κρόνῳ
937 953 1022 1023 κοινῇ
1044 941 1159 1012 πάντες
1184 942 1354 1024 ἀνθρωπο-

183 1057 334 1113 &utorium
349 1045 384 1132 1).

238 1158 416 1233 Nonnulli
443 1159 515 1231 hoc
543 1159 626 1231 loco
655 1158 732 1244 nisi,
760 1160 1027 1232 contenderunt
1054 1159 1233 1232 humanas
1258 1159 1357 1233 victi-

184 1310 263 1358 mas
291 1310 408 1381 usque
436 1285 484 1357 ad
511 1284 698 1357 saeculum
728 1284 874 1357 tertium
903 1299 988 1381 post
1016 1284 1200 1358 Christum
1230 1298 1355 1357 natum

185 1421 234 1480 Διὶ
268 1420 399 1504 Λυκαίῳ
441 1409 649 1482 immolatas
686 1435 765 1483 esse
779 1406 813 1508 2’).
855 1411 992 1482 Verum
1029 1410 1138 1482 huius
1176 1409 1357 1506 opinionis

184 1533 461 1608 fundamentum
491 1534 662 1608 evertisse
690 1534 778 1607 mihi
806 1534 949 1607 videtur
978 1537 1141 1632 Bernays
1161 1535 1357 1632 (Theophr.

184 1685 218 1754 p.
258 1659 342 1758 188)
369 1661 573 1755 probando
600 1660 713 1732 verba
740 1659 889 1732 laudata
916 1686 938 1732 a
965 1660 1181 1757 Porphyri0,
1200 1686 1221 1732 e
1239 1660 1357 1733 Theo-

184 1784 335 1879 phrasto
364 1799 511 1882 sumpta
539 1811 626 1859 esse.
659 1785 851 1858 Vocabula
878 1792 960 1876 μέχρι
985 1805 1040 1855 τοῦ
1063 1806 1119 1856 νῦν
1142 1785 1255 1882 igitur
1283 1811 1355 1857 non

186 1908 380 2007 Porphyrii
407 1912 473 1984 sed
500 1910 744 2006 Theophrasti
773 1923 928 1983 aetatem
957 1908 1136 1996 indicant„
1156 1911 1356 1984 Pausanias

185 2034 232 2107 de
259 2034 359 2108 hisce
386 2035 513 2109 hostiis
540 2036 631 2109 haec
658 2035 778 2108 habet:
807 2034 905 2133 (Vlll
936 2042 995 2123 38,
1027 2036 1062 2132 7)
1090 2045 1140 2105 ἐπὶ
1164 2046 1278 2107 τούτου
1301 2057 1358 2107 τοῦ

185 2160 291 2242 βωμοῦ
317 2171 361 2245 τῷ
384 2161 515 2245 Λυκαίῳ
534 2163 584 2222 Διί
596 2161 726 2222 θύουσιν
739 2159 770 2222 ἔκ
782 2160 954 2244 ἀπορρήτῳ·
968 2155 1264 2241 πολυπραγμονῆσαι
1278 2156 1309 2220 δὲ
1321 2156 1358 2220 ot'i

185 2292 235 2348 μοι
256 2271 295 2329 τὰ
315 2269 343 2340 ἒς
363 2273 419 2351 τὴν
439 2271 553 2332 θυσίαν
575 2266 631 2348 ἡδὺ
651 2263 697 2350 ἦν,
716 2268 805 2351 ἐχέτω
826 2266 856 2330 δὲ
875 2270 915 2340 ὡς
930 2264 985 2351 ’ἔχει
1003 2271 1052 2329 καί
1069 2270 1110 2340 ὡς
1121 2264 1203 2351 ‘iuxta
1215 2267 1246 2340 ἓξ
1259 2270 1357 2351 ἀρχῆς.

187 2378 419 2464 Reverenter‚
460 2392 500 2451 ut
540 2377 717 2464 videmus
756 2392 945 2473 tamquam
988 2378 1035 2450 de
1063 2379 1173 2451 rebus
1207 2376 1357 2463 arcanis

184 2502 345 2597 loquitur
382 2503 581 2576 Pausanias
618 2517 654 2576 et
685 2503 743 2589 ita
776 2517 815 2574 ut
843 2503 931 2576 certi
969 2502 1172 2598 quidquam
1208 2527 1252 2574 ex
1280 2502 1357 2575 eius

185 2627 306 2700 verbis
347 2627 493 2701 efficere
534 2653 769 2723 nequeamus.
812 2628 953 2700 Dubito
997 2626 1116 2724 igitur,
1153 2653 1199 2700 an
1237 2627 1357 2701 minus

186 2765 284 2825 recte
303 2755 444 2825 Farnell
458 2749 483 2850 3)
498 2779 543 2825 ex
555 2753 656 2826 hisce
670 2753 791 2826 verbis
806 2739 1008 2848 collegerit
1018 2752 1139 2824 adhuc
1154 2752 1358 2825 Pausaniae

186 2891 303 2949 aetate
330 2878 507 2951 exstitisse
534 2878 696 2951 crudelia
723 2878 783 2950 illa
810 2876 980 2950 instituta
1009 2879 1128 2949 Immo
1148 2891 1232 2949 ante
1251 2877 1357 2948 Plinii

187 3016 332 3098 tempus
373 3003 444 3075 iam
487 3004 668 3076 exoletum
711 3002 823 3076 fuisse
851 3028 991 3075 morem
1028 2979 1195 3075 homines
1223 3001 1356 3075 sacrifi-

187 3128 294 3199 candi
319 3141 368 3198 Λιὶ
392 3140 522 3224 Λυκαίῳ
545 3129 624 3224 ipse
652 3128 789 3201 Plinius
817 3127 939 3200 testari
964 3127 1119 3200 videtur.
1142 3128 1257 3222 Apud
1272 3152 1356 3199 eum

187 3252 283 3324 enim
311 3253 402 3327 haec
430 3253 586 3349 legimus
614 3254 676 3352 (N.
705 3255 753 3326 H.
781 3255 868 3326 Vlll
900 3254 976 3350 82):

245 3379 395 3472 «ltaque
430 3378 626 3475 Agriopas,
659 3379 721 3474 qui
750 3377 1028 3475 Olympionicas
1056 3376 1209 3473 scripsit,
1236 3389 1358 3448 narrat

227 3621 248 3681 1)
267 3619 364 3667 Eadem
383 3620 433 3668 sere
451 3619 556 3682 legimus
574 3620 641 3684 apud
660 3619 800 3676 Platonem,
820 3619 885 3667 Min.
904 3634 929 3682 p.
949 3628 998 3681 315
1020 3633 1040 3666 c.
1061 3617 1100 3666 Cf.
1120 3616 1195 3665 etiam
1209 3618 1278 3665 Rem
1288 3617 1358 3681 publ.

187 3725 213 3773 p.
234 3707 282 3771 565
303 3709 328 3758 d.

225 3800 249 3859 2)
268 3797 308 3845 Cl.
327 3796 494 3860 Stackelberg‚
513 3797 689 3862 Apollotemp.
707 3815 739 3845 zu
757 3798 851 3845 Bassae
873 3809 930 3845 121.
949 3797 1085 3860 Boettiger,
1105 3794 1357 3859 K1.schrtrt,1151.

187 3886 315 3943 welche,
335 3885 380 3934 Kl.
399 3885 470 3935 Schr.
488 3886 529 3933 ΙΙΙ
552 3885 598 3935 162
619 3889 696 3935 Anm.
718 3896 742 3946 7.

224 3978 249 4037 3)
267 3976 298 4025 L.
318 3977 354 4023 R.
373 3975 480 4034 Fumeh,
510 3974 581 4023 Cults
607 3977 635 4024 ol
652 3974 694 4023 the
713 3976 756 4024 Gr.
776 3976 812 4023 St.
832 3975 845 4021 Ι
864 3988 907 4038 41.
936 3973 1008 4031 „The
1030 3973 1091 4037 king
1109 3975 1212 4038 Lycaon
1230 3973 1357 4022 offereda

187 4063 281 4113 human
300 4064 368 4113 child
386 4081 419 4112 on
438 4064 480 4112 thc
499 4064 572 4122 altar;
593 4064 642 4112 and
661 4065 797 4113 Pausanias
816 4079 897 4112 seems
916 4071 942 4112 to
961 4062 1048 4127 darkly
1067 4062 1123 4111 hint
1141 4068 1168 4112 at
1187 4062 1229 4111 the
1249 4061 1356 4111 survival

188 4156 215 4201 ol
242 4154 303 4202 such
330 4172 345 4202 a
371 4154 477 4218 practice
504 4153 578 4202 when
605 4153 638 4200 he
662 4154 771 4203 declares
790 4152 844 4203 that
862 4152 895 4200 he
912 4152 997 4201 would
1015 4152 1096 4201 rather
1114 4161 1158 4200 not
1176 4151 1253 4217 speak
1271 4153 1300 4199 of
1315 4149 1358 4199 the

188 4242 277 4291 details
296 4244 326 4290 of
341 4243 383 4291 the
401 4242 535 4293 sacrifice.''
