3090 4942
752 283 801 349 68

242 492 435 562 Postremo
481 489 564 562 loco
610 490 724 587 digna
764 503 827 575 est,
868 515 962 584 quae
1003 491 1114 586 paulo
1156 489 1271 563 fusius
1302 490 1365 564 hic

188 627 428 709 pertractetur
465 624 671 704 Βριτόμαρτις
708 616 786 687 dea
831 616 930 688 Nam
964 615 1055 687 haec
1083 640 1233 710 quoque
1260 629 1297 688 et
1325 615 1363 688 in

187 740 337 813 excelsis
374 739 464 812 locis
500 741 689 813 colebatur
724 754 761 812 et
792 740 1009 835 plerumque
1037 741 1136 835 apud
1164 740 1365 836 scriptores

186 878 326 938 veteres
367 889 551 937 unacum
580 864 780 950 Artemide,
809 889 968 959 quacum
998 864 1145 960 saepius
1173 864 1365 938 confundi-

187 1000 253 1075 tur,
292 1004 611 1063 commemoratur.
648 992 788 1062 Tamen
825 991 922 1061 bene
949 988 1250 1085 distinguendum
1280 1015 1364 1063 esse

186 1129 382 1210 utrumque
405 1140 539 1187 numen
564 1115 686 1210 plures
710 1127 877 1187 auctores
906 1127 1064 1186 monent
1088 1115 1202 1209 Apud
1218 1113 1361 1186 Diodo-

187 1265 269 1312 rum
300 1239 464 1312 Siculum
494 1265 524 1312 e.
551 1265 587 1336 g.
614 1239 705 1312 haec
733 1239 890 1335 legimus
918 1239 964 1336 (V
996 1241 1075 1337 76):

231 1366 442 1447 Βριτόμαρτιν
475 1362 505 1425 δὲ
538 1369 594 1446 τὴν
627 1363 927 1446 προσαγορευομένην
959 1365 1134 1426 Λίκτννναν
1147 1410 1277 1424 .......
1310 1367 1361 1425 καὶ

186 1477 243 1548 τὰς
266 1476 320 1555 μίν
344 1473 503 1559 διατριβὰς
527 1475 716 1556 ποιήσασθαι
740 1476 818 1554 μετὰ
843 1486 896 1554 τῆς
920 1471 1112 1554 Ἀρτέμιδος,
1132 1472 1186 1552 ἄρ’
1207 1469 1241 1554 ἧς
1260 1474 1362 1545 αίτίας

186 1592 282 1664 ἐνίους
315 1589 413 1655 donin>
447 1595 503 1673 τὴν
525 1594 625 1672 αὐτὴν
648 1585 722 1653 εἶναι
748 1591 923 1652 Δίκτυννάν
947 1615 978 1651 τε
1003 1595 1052 1654 καὶ
1077 1590 1241 1670 ’Ἄρτεμιν
1276 1582 1359 1654 Nec

185 1733 257 1779 non
295 1707 495 1780 Pausanias
523 1706 568 1803 (ΙΙ
600 1710 697 1802 3o,3)
727 1706 974 1778 Britomartim
1004 1707 1205 1780 Artemidis
1232 1706 1361 1779 famili-

184 1857 283 1905 arem
322 1844 509 1928 nuncuput
546 1844 585 1904 et
615 1831 701 1904 alibi
729 1832 793 1929 (ΙΙΙ
829 1835 922 1928 τρο)
951 1832 1058 1904 aliam
1088 1857 1167 1905 esse
1195 1839 1361 1920 Ἄρτεμιν,

184 1957 291 2030 aliam
324 1968 542 2049 Βριτόμαρτιν,
565 1956 707 2029 disertis
730 1956 852 2028 Verbis
876 1970 1076 2029 asseverat:
1110 1963 1358 2044 Ἐνιονομάζουσι

186 2081 217 2144 δὲ
254 2086 353 2165 αὐτὴν
387 2087 436 2145 καί
472 2085 640 2162 Λιμναίαν,
675 2077 771 2144 οὖσαν
801 2084 855 2143 οὐκ
888 2081 1052 2162 ”Αρτιμιν,
1085 2082 1296 2164 Βριτόμαρτιν
1327 2078 1358 2141 δὲ

184 2204 241 2282 τὴν
283 2205 425 2282 Κρητῶν.
482 2195 675 2265 Praeterea
716 2191 751 2263 in
794 2190 1021 2265 Cretensium
1064 2191 1225 2286 quadam
1268 2188 1356 2262 iuris

183 2316 325 2389 iurandi
380 2317 537 2390 formula
587 2331 741 2411 utraque
787 2316 856 2388 dea
901 2316 1096 2412 separatim
1148 2316 1356 2388 invocatur:

183 2444 307 2521 Ὀμνόω
333 2445 391 2504 τὰν
415 2443 543 2505 Ἑστίαν
567 2429 616 2504 καί
641 2445 728 2523 Λῆνα
741 2488 829 2502 .....
855 2445 909 2503 τὸν
930 2439 1123 2504 Ἀπόλλωνα
1147 2445 1201 2504 τόν
1226 2442 1358 2502 Ποίτιον

183 2555 232 2612 καὶ
258 2554 316 2613 τὰν
340 2555 472 2614 Λατοῦν
495 2555 543 2613 καί
570 2553 629 2613 τὰν
652 2550 807 2631 ’Ἀρταμιν
820 2597 909 2610 .....
934 2555 984 2613 καί
1010 2554 1068 2613 τὰν
1092 2543 1353 2635 Βριτόμαρτιν3).

238 2661 396 2733 Duobus
424 2659 524 2733 hisce
538 2659 748 2732 numinibus
763 2659 1032 2755 cognatissimis
1046 2661 1191 2734 tertium
1211 2664 1354 2737 accedit

183 2796 349 2873 Δίκτυννα,
374 2811 484 2879 quam
517 2785 624 2857 deam
654 2783 849 2880 scriptores
878 2798 1017 2857 veteres
1044 2785 1144 2858 haud
1164 2812 1246 2859 raro
1267 2787 1354 2860 nihil

182 2936 271 2996 esse,
299 2909 365 2982 nisi
395 2909 642 2982 Britomartim
671 2907 845 3004 peculiari
875 2909 1037 3003 quodam
1058 2911 1280 3008 cognomine
1294 2938 1356 2985 vo-

183 3050 311 3121 catam,
339 3049 477 3131 putant.
507 3034 678 3108 Nominis
707 3033 813 3129 origo
841 3034 949 3129 plane
977 3035 1097 3108 adhuc
1125 3037 1228 3122 latet;
1271 3063 1354 3110 nam

183 3159 331 3234 minime
358 3173 421 3246 est
448 3185 513 3232 cur
541 3160 733 3232 credamus
763 3157 932 3230 Diodoro
953 3160 1078 3233 Siculo
1093 3161 1254 3255 aliisque,
1269 3162 1353 3235 ideo

182 3284 289 3358 deam
334 3296 508 3357 Λικτύιααι
549 3285 768 3382 appellatam
815 3308 895 3356 esse
929 3285 1213 3381 perhibentibus,
1251 3288 1354 3382 quod

183 3410 375 3506 reperisset
411 3436 554 3485 deesses
581 3408 808 3484 venatorias»
837 3416 960 3501 (δίκτυα
986 3423 1025 3492 εἷς
1048 3419 1207 3502 κυνηγίαν)
1230 3409 1265 3509 2)‚
1293 3426 1356 3485 aut

183 3536 283 3629 quod
325 3561 413 3632 prae
454 3561 579 3609 amore
611 3534 680 3608 sibi
709 3534 901 3606 instantem
933 3535 1095 3609 Minoem
1126 3536 1279 3634 fugiens
1307 3538 1354 3609 ab

183 3660 255 3732 alta
278 3685 369 3756 rupe
384 3660 418 3732 in
434 3661 656 3757 piscatorum
682 3665 791 3730 δίκτυα
814 3683 853 3730 se
868 3660 1058 3735 abiecisset
1073 3657 1107 3760 3).
1133 3663 1241 3735 Tales
1257 3661 1353 3734 enim

183 3873 334 3922 Parthenion
361 3873 496 3923 heimischc
524 3875 749 3927 Atalante......
779 3877 818 3933 ist,
851 3877 897 3924 wie
926 3875 1044 3933 Kallism,
1073 3876 1128 3924 eine
1147 3877 1293 3940 Hypostase
1311 3875 1355 3923 der

183 3963 320 4012 Artemis.”

221 4054 246 4115 ι)
265 4053 353 4111 Caum,
373 4052 467 4102 Delect.
487 4054 563 4104 Inscr.
583 4055 691 4102 Graec.²
714 4067 769 4105 121.
924 4058 948 4115 2)
967 4055 1048 4102 Diod.
1068 4054 1117 4103 Sic.
1137 4055 1171 4103 V.
1191 4053 1233 4114 76.

220 4144 246 4204 3)
265 4143 342 4191 Diod.
362 4144 410 4191 Sic.
431 4143 446 4191 Ι.
458 4143 473 4192 Ι.
