3106 4942
753 360 802 446 96

189 570 277 667 (Cat.
302 569 419 666 lans),
446 571 678 642 statuendum
708 585 762 643 est
789 571 860 643 hoc
888 569 1035 666 signum
1055 595 1077 642 a
1100 571 1245 644 Graeco
1265 592 1355 665 quo-

192 697 277 767 dam
305 694 443 767 artifice
469 708 571 767 sexto
599 696 747 768 saeculo
776 721 806 768 a.
834 695 916 769 Chr.
945 721 977 766 n.
1005 695 1212 768 confectum
1243 721 1335 769 esse.

739 911 815 982 VII.

247 1083 369 1160 Minus
398 1102 495 1172 recte
523 1089 591 1160 Ed.
620 1091 749 1185 Meyer
777 1088 921 1184 (Gesch.
950 1089 983 1160 d.
1006 1089 1158 1161 Alterth.
1175 1090 1206 1160 II
1221 1115 1255 1184 p.
1278 1090 1362 1187 139)

193 1214 342 1285 anulum
394 1238 544 1286 aureum
596 1239 618 1286 a
668 1213 925 1287 Schliemanno
977 1213 1143 1311 Mycenis
1185 1214 1361 1287 effossum

193 1338 384 1434 (Schliem.,
426 1339 526 1435 llyk.
567 1338 628 1435 fig.
674 1339 770 1436 530),
808 1339 855 1410 ad
893 1338 1100 1432 exemplum
1143 1338 1361 1412 Chetiticum

193 1477 360 1535 exactum
399 1488 477 1536 esse
513 1463 706 1558 perhibuit,
734 1488 853 1558 neque
882 1463 914 1535 ei
943 1463 1214 1537 assentiendum
1243 1477 1298 1536 est
1326 1463 1362 1535 in

193 1588 264 1659 hoc
297 1589 406 1660 anulo
444 1589 554 1661 deum
588 1589 772 1682 quendam
811 1588 846 1660 in
886 1602 1008 1661 monte
1036 1602 1191 1661 stantem
1220 1614 1362 1684 expres-

194 1739 275 1786 sum
304 1739 392 1786 esse.

732 1875 826 1946 VIII.

98 2067 99 2070 ¹
211 2005 213 2007 ’
246 2035 309 2106 Ad
329 2035 500 2108 Crassum
520 2060 592 2108 non
613 2061 708 2108 anno
732 2056 789 2126 72,
808 2049 849 2110 ut
866 2036 933 2108 Th.
948 2037 1156 2110 Mommsen
1177 2036 1364 2109 contendit

194 2162 315 2256 (Rom.
335 2160 466 2234 Gesch.
486 2162 535 2231 III
554 2187 588 2256 p.
605 2162 676 2259 89),
695 2163 760 2233 sed
780 2160 881 2233 initio
901 2161 1050 2234 demum
1070 2161 1154 2234 anni
1174 2184 1215 2252 71
1236 2176 1364 2235 contra

194 2286 411 2381 Spartacum
440 2285 524 2357 belli
554 2285 747 2380 imperium
776 2286 937 2358 delatum
967 2301 1030 2360 est.

750 2501 811 2572 IX.

246 2686 446 2761 Clisthenes
473 2686 656 2761 curiarum
686 2712 879 2762 numerum
909 2713 981 2760 non
1010 2687 1118 2762 auxit.
1231 2725 1232 2728 ¹

756 2904 800 2973 X.

246 3064 361 3135 Haud
389 3076 486 3136 recte
513 3062 626 3159 vulgo
655 3061 886 3135 contenditur
914 3061 1054 3134 Polluci
1079 3062 1125 3134 de
1144 3072 1365 3153 »εἰσαγώγηιῑς

191 3202 263 3271 τοὺς
285 3196 460 3281 φράτορας”
483 3187 605 3284 agenti
626 3187 733 3284 (VIII,
755 3188 838 3286 107)
858 3212 931 3258 non
953 3187 1108 3260 multum
1127 3184 1362 3258 tribuendum

190 3339 270 3387 esse
298 3312 534 3398 auctoritatis;
564 3312 677 3385 immo
707 3312 793 3385 nihil
822 3338 866 3385 ex
894 3311 945 3398 iis,
974 3338 1069 3407 quae
1098 3312 1145 3384 de
1173 3310 1232 3383 illa
1255 3310 1363 3383 intro-

190 3439 362 3512 ductione
381 3440 502 3533 deque
523 3436 753 3511 caerimoniis
769 3439 912 3510 adeam
928 3435 1191 3532 pertinentibus
1206 3435 1377 3538 tradidit,¹

189 3578 353 3636 veterum
382 3563 601 3659 scriptorum
630 3561 738 3636 huius
767 3563 817 3635 rei
846 3561 1061 3636 testimoniis
1091 3561 1275 3634 refutatur.

745 3779 807 3849 XI.

242 3947 376 4022 Iniuria
405 3947 549 4023 Gilbert
581 3908 743 4045 (Handb.
776 3948 809 4019 d.
843 3946 987 4020 Griech.
1016 3945 1278 4019 Staatsalterth.
1299 3947 1362 4040 lp.
1398 3968 1401 3974 ·

201 4074 288 4171 213)
307 4074 355 4145 ad
370 4073 601 4145 decretorum
617 4071 740 4146 curiae
755 4070 1101 4144 Demotionidarum
1121 4095 1267 4143 versum
1292 4075 1361 4142 116

193 4197 391 4271 annotavit:
420 4219 464 4292 τῷ
488 4208 601 4293 πρώτῳ
625 4197 674 4296 (ln
702 4198 768 4269 der
796 4197 1017 4292 Bedeutung
1035 4219 1107 4267 VOn
1128 4195 1276 4294 προτέρῳ)
1297 4200 1363 4265 ἐ’τει.
