3106 4942
666 954 837 1028 CAPUT
866 955 890 1025 Ι.

235 1197 287 1263 De
312 1197 466 1264 deorum
492 1195 610 1262 cultus
633 1195 669 1259 ln
695 1194 802 1260 edltls
827 1193 920 1261 locls
945 1194 1101 1274 ratione,
1128 1195 1316 1262 variorum

457 1311 679 1393 populorum
704 1309 879 1391 exemplis
904 1309 1095 1376 illustrata.

669 1563 880 1570 ——.—-—-—

242 1771 356 1866 Apud
384 1769 542 1867 populos
571 1793 656 1840 cum
689 1767 880 1840 orientales
908 1781 986 1839 tum
1016 1767 1259 1841 occidentales
1287 1782 1348 1841 tan

188 1911 266 1968 tum
295 1921 368 1967 non
396 1920 533 1981 omnes,
560 1894 642 1967 loca
669 1894 811 1967 excelsa
837 1893 1048 1989 saepissime
1076 1906 1162 1990 apta
1188 1893 1266 1967 visa
1279 1907 1363 1966 sunt

188 2021 408 2107 hominibus,
458 2020 522 2093 ubi
563 2019 744 2092 sacrificia
785 2019 945 2091 lacerent
981 2019 1059 2092 diis
1097 2021 1233 2092 Verum
1270 2019 1362 2091 haec

189 2160 288 2219 tanta
325 2146 488 2219 cultuum
527 2145 722 2217 multitudo
760 2158 795 2217 et
827 2143 981 2217 varietas
1019 2144 1136 2217 maior
1159 2158 1221 2230 est,
1249 2169 1360 2238 quam

189 2297 284 2366 quae
321 2269 576 2366 disputationis
619 2295 722 2343 meae
755 2269 894 2342 ambitu
923 2282 1007 2364 apte
1035 2269 1210 2342 contineri
1238 2268 1363 2365 possit.

189 2399 383 2469 Praeterea
409 2409 613 2468 ceterorum
633 2395 866 2491 populorum,
886 2394 1045 2490 exceptis
1060 2394 1211 2468 Graecis
1227 2396 1362 2466 Roma-

189 2521 327 2616 nisque,
369 2520 444 2593 fere
485 2520 650 2592 omnium
693 2520 812 2592 cultus
840 2533 876 2592 et
917 2519 1041 2615 mythi‚
1074 2519 1136 2614 qui
1177 2519 1250 2591 huc
1283 2545 1362 2614 per-

188 2645 310 2733 tinent,
357 2647 404 2718 ab
451 2644 528 2718 aliis
570 2645 642 2718 iarn
685 2645 764 2718 fuse
805 2644 1013 2740 pertractati
1054 2657 1147 2729 sunt,
1189 2644 1363 2738 quocirca

188 2770 316 2866 paucis
343 2783 484 2843 tantum
513 2772 560 2843 ad
589 2770 732 2843 illorum
761 2769 883 2843 studia
910 2769 1093 2866 delegabo
1107 2769 1272 2842 lectores.
1300 2771 1361 2843 De

189 2896 368 2969 Romanis
404 2895 554 2969 strictim
589 2896 748 2991 quidem,
776 2896 842 2968 sed
870 2908 990 2968 tamen
1019 2895 1130 2990 paulo
1158 2894 1363 2968 accuratius

189 3047 300 3116 quam
343 3022 390 3094 de
431 3021 560 3094 ceteris
601 3020 747 3116 populis
789 3046 908 3116 agam,
945 3019 1119 3115 quoniam
1153 3019 1364 3106 aGraeciS,

188 3171 346 3242 quorum
388 3146 423 3218 in
465 3145 781 3243 superstitionibus
822 3145 1020 3242 disputatio
1058 3171 1140 3218 mea
1167 3144 1364 3242 praecipue

188 3272 400 3358 versabitur,
427 3269 487 3345 vix
514 3271 702 3368 segregari
731 3283 893 3366 possunt.

244 3397 403 3469 Romani
431 3396 550 3493 igitur,
579 3410 619 3469 ut
639 3398 686 3469 ab
713 3396 769 3469 his
785 3395 926 3468 initium
942 3395 1084 3482 faciam,
1098 3394 1182 3468 licet
1197 3410 1364 3469 montuo-

188 3547 266 3594 sam
295 3521 501 3594 habitarent
529 3536 672 3607 terram‚
700 3520 893 3617 perpaucis
921 3534 1060 3593 tantum
1090 3520 1126 3592 in
1154 3520 1244 3594 locis
1258 3547 1364 3617 supe-

190 3645 347 3719 rioribus
375 3646 465 3719 deos
494 3647 672 3719 colebant.
707 3644 785 3717 lovi
801 3645 935 3718 Latiari
954 3631 1038 3718 sive
1052 3645 1181 3717 Latiali
1200 3648 1365 3718 exstabat

190 3771 309 3844 cultus
346 3784 575 3866 pervetustus
604 3771 639 3842 in
669 3784 793 3842 monte
820 3771 978 3856 Albano
1006 3770 1070 3842 ubi
1097 3796 1202 3843 sacra
1226 3771 1365 3844 fiebant

188 3895 388 3969 sollemnia.
407 3892 432 3993 1)
473 3896 577 3969 Livio
606 3909 756 3968 auctore
786 3895 922 3991 Iupiter
956 3895 1110 3968 Latiaris
1139 3895 1225 3968 olim
1255 3896 1364 3970 variis

191 4019 373 4117 prodigiis
410 4046 455 4092 ex
492 4020 553 4092 illo
592 4033 716 4093 monte
744 4020 871 4106 missis,
900 4020 1041 4093 monuit
1069 4023 1270 4107 Romanos,
1302 4035 1365 4094 «ut

227 4210 249 4268 1)
270 4209 309 4256 Cl.
329 4209 423 4257 Lucan.
443 4207 532 4256 Phars.
551 4209 563 4254 Ι
588 4207 645 4266 198.
666 4209 716 4270 „Et
734 4208 844 4256 residens
864 4207 929 4255 celsa
946 4207 1049 4256 Latialis
1069 4207 1182 4272 Iuppiter
1200 4207 1293 4255 Alba.”
