3090 4942
751 366 801 452 69

186 577 410 649 narrationes
425 577 528 649 lictas
543 601 622 649 esse
636 577 684 648 ab
699 575 751 662 iis,
765 575 828 671 qui
838 575 1020 671 explicare
1030 588 1257 661 conarentur,
1267 600 1362 670 quae

186 703 255 776 sibi
285 701 373 797 ipsis
401 703 509 797 plane
536 701 572 773 in
588 701 746 774 tenebris
762 701 929 786 iacerent,
944 699 1004 773 vix
1018 725 1241 795 quemquam
1258 699 1361 797 lugit.

237 826 480 923 Praecipuum
528 826 736 924 Dictynnae
781 826 959 921 templum
1008 824 1044 896 in
1092 825 1221 899 Cretae
1267 827 1360 898 urbe

187 952 354 1048 Cydonia
386 966 471 1037 erat,
499 951 603 1025 cuius
631 951 756 1047 templi
785 964 953 1024 auctores
982 949 1096 1023 Samii
1126 949 1362 1022 nominaban-
1461 1006 1464 1012 .

185 1091 244 1149 tur
271 1091 362 1149 teste
391 1077 596 1162 Herodoto,
637 1077 737 1172 apud
766 1101 875 1171 quem
905 1074 996 1147 haec
1024 1074 1182 1171 legimus
1211 1076 1261 1146 ΠΙ
1295 1055 1367 1168 59:v

186 1205 274 1263 αι’ντοί
310 1201 341 1262 δὲ
376 1201 417 1284 (οἱ
452 1200 578 1283 Σαμίοι)
613 1199 780 1282 Κυδωνίην
816 1205 872 1283 τὴν
907 1201 939 1262 ἓν
974 1202 1082 1282 Κρήτῃ
1105 1196 1235 1262 ἐ’κτισαν·
1257 1247 1264 1261 .

185 1308 304 1390 ’ἔμειναν
334 1309 362 1371 δ’
394 1312 426 1373 ἓν
457 1312 556 1393 ταύτη
588 1315 637 1372 καί
669 1309 892 1392 εὐδαιμόνησαν
930 1307 980 1370 ἐπ’
1001 1305 1070 1370 ἐ’τεα
1094 1307 1194 1370 πέντε·
1219 1305 1296 1370 ὥστε
1321 1311 1361 1370 τὰ

186 1423 233 1500 ἱρὰ
266 1422 305 1480 τὰ
335 1421 367 1482 ίν
398 1418 543 1502 Κυδωνίῃ
573 1420 662 1482 ἰόντα
696 1433 752 1482 νῦν
782 1415 859 1481 οίτοί
890 1420 943 1479 είσι
973 1421 1001 1479 οἱ
1025 1419 1206 1499 ποιήσαντες
1229 1421 1279 1479 καί
1307 1421 1361 1480 τὸν

187 1542 239 1611 της
274 1531 445 1611 Δικτύννης
481 1531 562 1611 νηόν.
599 1523 676 1614 ‘largo
713 1527 743 1590 (ll
776 1526 834 1590 ἕτεϊ
867 1529 1035 1609 Αἰγινῆται
1068 1529 1182 1599 αὐτοὺς
1210 1529 1360 1609 ναυμαχίῃ

187 1648 361 1729 νικήσαντες
387 1644 652 1728 ἠνδραποδίσαντο
677 1649 754 1726 μετὰ
776 1651 918 1726 Κρητῶν.
949 1635 1035 1729 Quo
1065 1635 1248 1708 Herodoti
1276 1635 1359 1707 loco

186 1763 286 1835 nisus
297 1763 335 1836 C.
347 1763 390 1837 O.
402 1763 557 1835 Mueller
567 1761 592 1859 1)
608 1761 845 1857 probabiliter
859 1761 1015 1833 coniecit
1029 1761 1126 1847 deas,
1137 1785 1232 1855 quae
1242 1774 1360 1857 poste-

186 1887 342 1960 rioribus
371 1888 598 1982 temporibus
626 1886 725 1959 haud
745 1911 827 1958 raro
843 1886 934 1958 inter
948 1910 1028 1958 sese
1043 1885 1218 1958 confusae
1232 1899 1360 1966 essent,

186 2013 408 2109 Dictynnam
440 2012 687 2083 Britomartim
716 2010 907 2107 Aphaeam
938 2010 1033 2095 dico,
1048 2009 1245 2104 antiquitus
1259 2010 1359 2082 nullo

187 2138 299 2209 modo
342 2115 556 2209 coniunctas
597 2135 717 2208 luisse.
759 2135 995 2231 Singularum
1038 2135 1134 2206 enim
1172 2134 1358 2206 civitatum

187 2262 287 2334 Sami
335 2261 502 2356 Aeginae
548 2260 677 2334 Cretae
723 2260 922 2355 singularia
972 2285 1015 2331 ea
1057 2258 1168 2345 luisse
1210 2259 1360 2330 numina

183 2385 343 2481 genuina
371 2386 532 2480 putabat,
560 2383 655 2479 quae
683 2398 811 2481 postea
838 2385 988 2456 demum
1013 2383 1049 2455 in
1069 2383 1358 2481 Cydoniatorum

184 2510 296 2582 sacris
338 2510 372 2581 in
415 2534 529 2581 unum
571 2509 798 2582 coaluissent.
842 2509 957 2582 Hisce
994 2509 1115 2581 verbis
1143 2507 1357 2581 sententiam

183 2635 366 2730 expedivit
395 2634 565 2706 Mueller:
598 2633 826 2731 «Cydoniam
856 2634 1041 2730 appulisse
1059 2633 1196 2706 scimus
1212 2633 1359 2707 Samios

183 2774 218 2833 et
246 2760 340 2832 sicut
368 2758 422 2832 fas
450 2774 504 2832 est
533 2759 749 2856 Dictynnae,
778 2760 869 2831 deae
896 2785 993 2844 suae,
1022 2759 1199 2854 templum
1221 2756 1358 2855 magni-

183 2884 293 2957 ficum
336 2884 571 2958 exstruxisse:
615 2884 761 2958 Samios
803 2897 1002 2980 exegerunt
1034 2883 1248 2979 Aeginetae,
1276 2907 1358 2954 ean-

183 3011 352 3105 demque,
394 3036 505 3104 quam
549 3009 663 3082 Samii
707 3009 940 3106 Dictynnam,
969 3008 1118 3080 nomine
1146 3021 1182 3080 et
1209 3005 1358 3079 numine

183 3134 253 3206 sibi
295 3134 456 3230 propriu,
498 3134 666 3207 dixerunt
707 3133 919 3230 Aphaeam:
961 3134 1133 3230 Cydones
1171 3145 1293 3204 autem
1323 3146 1359 3204 et

183 3259 217 3329 in
252 3259 331 3353 ipsa
359 3261 449 3331 urbe
478 3274 513 3331 et
541 3259 829 3354 circumquaque
856 3258 1061 3331 habitantes
1091 3256 1357 3329 Britomartim:

184 3382 233 3454 ita
274 3384 369 3454 enim
411 3397 550 3478 gentes
592 3409 743 3477 quoquo
787 3384 1006 3467 devenirent,
1048 3407 1115 3454 sua
1151 3395 1358 3478 agnoscunt

184 3486 333 3578 numina
360 3507 484 3602 patria.
514 3508 636 3599 Quare
664 3508 834 3600 equidem
865 3507 1111 3579 Britomartim
1141 3507 1249 3578 deam
1278 3531 1358 3579 esse

183 3632 348 3703 existimo
400 3656 528 3726 reapse
574 3632 783 3705 Cretensem
831 3646 867 3704 et
913 3631 1137 3729 Dictynnam
1185 3629 1357 3717 Samiam,

182 3756 450 3851 Aphaeamque
497 3756 622 3850 utique
667 3757 906 3852 Aeginaeam
948 3781 1067 3850 neque
1109 3782 1170 3829 eas
1212 3755 1279 3829 nisi
1322 3757 1355 3827 in

183 3881 294 3953 sacris
337 3880 624 3978 Cydoniatorum
668 3905 796 3953 omnes
838 3880 1048 3953 coaluisse.»
1084 3880 1201 3953 Addit
1233 3895 1356 3954 autem

183 4004 355 4102 egregius
396 4004 454 4077 ille
495 4005 603 4078 haec:
650 4030 738 4077 «nec
780 4019 902 4078 tamen
945 4006 1100 4100 posteris
1128 4006 1356 4101 temporibus

223 4231 245 4289 ι)
265 4231 294 4277 C.
315 4230 346 4277 t).
367 4228 464 4286 Muell,
485 4229 625 4291 Aeginetic.
646 4227 690 4276 lib.
710 4243 752 4292 pp.
776 4228 922 4291 163-170.
