3090 4942
744 309 794 374 80

183 517 364 613 opposito,
392 516 567 611 templum
596 529 674 589 erat
696 521 845 604 Ἀθηνᾶς
869 513 1090 613 Κυδωνίας),
1117 515 1153 589 in
1181 516 1359 591 Phocidis

184 655 307 714 monte
349 641 448 714 iuxta
488 641 653 713 Elateam
691 649 823 730 ‘Anti-a
857 639 1048 737 Κραιοίαῆ
1088 642 1286 728 colebatur,
1320 643 1359 715 in

182 791 328 838 summo
366 767 528 861 quodam
567 752 709 851 monte,⁴
727 764 873 838 Cleitori
911 767 991 838 urbi
1020 767 1200 840 adiacenti
1223 776 1360 858 Ἀθηνᾶ

182 902 281 980 Λόρία
303 886 339 988 3),
376 891 409 964 in
447 891 518 964 alio
555 890 717 963 Arcadio
752 903 876 962 monte
906 891 1039 964 Boreio
1067 917 1184 988 prope
1215 893 1358 965 Aseam

183 1025 313 1107 Ἀοηινο
336 1024 476 1105 Σώτειρα
497 1013 522 1111 4)
558 1014 779 1088 venerationi
810 1016 958 1100 eratin
986 1017 1167 1113 Argolide
1196 1017 1360 1112 denique

182 1142 281 1214 haud
309 1144 420 1238 longe
448 1144 495 1214 ab
524 1141 663 1236 oppido
692 1141 813 1211 Lerna
840 1140 875 1211 in
906 1142 1038 1214 montis
1062 1141 1205 1213 Pontini
1220 1142 1360 1215 vertice

182 1267 358 1363 templum
384 1277 532 1356 Ἀθηνᾶς
554 1273 699 1347 Σαΐτιδος
721 1260 747 1357 5)
775 1290 855 1338 sese
883 1266 1079 1339 attollebat

236 1393 311 1465 Sed
338 1392 429 1463 haec
458 1391 505 1463 de
532 1392 679 1464 Athena
706 1393 741 1464 in
770 1392 916 1465 arcibus
946 1391 1060 1474 culta;
1098 1391 1200 1486 quod
1228 1390 1359 1464 attinet

183 1518 230 1589 ad
277 1531 417 1588 ceteros
463 1516 554 1588 deae
599 1517 726 1604 cultus,
772 1517 835 1613 qui
876 1516 948 1588 huc
991 1515 1137 1600 faciunt
1178 1515 1358 1612 imprimis

184 1642 336 1737 dignum
363 1641 449 1712 mihi
469 1640 621 1727 videtur,
640 1644 741 1738 quod
765 1645 979 1715 observetur
1003 1640 1183 1736 permulta
1206 1665 1358 1736 quoque

183 1765 435 1861 promontoria
462 1765 630 1839 Athenae
658 1780 870 1840 consecrata
897 1765 1017 1838 luisse.
1046 1767 1086 1837 In
1110 1765 1234 1838 Attica
1252 1766 1359 1838 Suni-

185 1917 245 1962 um
261 1887 286 1987 6)
314 1904 350 1962 et
377 1889 617 1989 Zosteriumh
646 1892 678 1965 ei
706 1906 809 1966 erant
831 1889 1062 1975 dedicatam
1083 1890 1220 1963 Salami
1239 1891 1358 1963 insula

94 2091 96 2096 ,
184 2015 389 2087 Sciradium
413 2016 705 2110 promontorium
720 2015 755 2115 8),
779 2017 813 2088 in
839 2014 1031 2110 Megaride
1056 2022 1205 2105 Ἀθηνᾶς
1216 2023 1358 2097 Αἰθυίας

184 2138 376 2237 σκόπελοςῃ),
404 2141 438 2212 In
467 2141 647 2236 ArgOllde
682 2150 748 2231 ὄρος
781 2150 809 2221 ἒς
832 2145 997 2210 θάλασσαν
1022 2150 1087 2209 ἀπὸ
1112 2159 1165 2228 τῆς
1189 2144 1357 2210 Πελοπον-

184 2276 276 2356 νήσου
316 2271 571 2358 προβεβλημένον,
602 2275 814 2355 Βούπορθμος
832 2259 880 2361 10),
909 2264 942 2335 In
974 2263 1158 2336 Laconica
1184 2288 1357 2360 promon-

183 2390 316 2461 torium
355 2390 544 2483 quoddam
581 2415 698 2485 prope
735 2391 888 2462 Praseas
918 2391 1045 2461 urbem
1061 2386 1100 2487 11)
1128 2402 1165 2461 et
1192 2390 1357 2473 alterum,

183 2515 284 2608 quod
320 2524 417 2585 ’Ὀιου
446 2508 614 2613 nullast)
643 2514 908 2600 nominabatur,
927 2515 1095 2586 Athenae
1122 2539 1227 2585 sacra
1245 2527 1357 2598 erant,

184 2639 218 2710 in
272 2639 475 2711 Messeniae
529 2639 782 2733 promontorio
839 2639 1067 2736 Coryphasio
1123 2639 1233 2711 aedes
1278 2652 1357 2710 erat

184 2771 331 2854 Ἀθηνᾶς
364 2770 521 2853 Ξπίκ),ηοον
557 2774 741 2853 κορυᾳαοίας
752 2759 801 2861 13),
843 2764 877 2835 In
915 2765 1033 2836 Insula
1061 2764 1170 2836 Creta
1197 2764 1356 2858 denique

182 2897 314 2978 Ἀθηνᾶ
337 2894 507 2975 Σαλμωνέα
521 2883 557 2985 14)
586 2914 608 2960 a
635 2888 888 2984 promontorio
918 2888 1106 2961 Salmonio
1131 2889 1207 2961 sive
1228 2889 1357 2960 Samo-

183 3084 395 3092 ——ae-—n

223 3185 243 3241 ι)
263 3181 302 3230 Cl.
322 3182 396 3230 Paus.
417 3181 457 3229 VI
478 3180 545 3237 21‚(›.
567 3181 694 3246 Lycophr.
715 3181 775 3244 936.

220 3276 244 3332 2)
263 3272 302 3319 Cf.
323 3272 396 3319 I'aus.
416 3271 445 3318 X
465 3280 534 3332 34‚7.
555 3270 619 3321 Bull.
639 3272 663 3318 d.
684 3270 752 3321 Corr.
773 3272 840 3320 IIell.
864 3272 927 3332 1887
949 3288 973 3336 p.
994 3272 1054 3334 318.

219 3363 246 3423 3)
266 3361 304 3408 CI.
324 3361 400 3410 I'aus.
419 3359 486 3408 VIII
499 3372 566 3422 21‚4.
587 3360 648 3415 Cic„
661 3361 692 3407 ‹le
706 3368 755 3408 nat.
767 3361 835 3410 deor.
847 3361 887 3408 III
900 3373 984 3423 23‚59.
996 3360 1080 3410 Schol.
1090 3361 1165 3408 Pind.
1177 3360 1218 3409 Ol.
1229 3360 1283 3408 VII
1297 3371 1355 3423 153.

219 3453 244 3512 4)
263 3450 302 3497 CI.
323 3449 398 3495 I'aus.
419 3448 486 3496 VIII
505 3463 574 3510 44‚4.
752 3451 779 3513 5)
799 3450 839 3497 Cr.
859 3451 924 3498 Ibid.
944 3451 971 3497 11
990 3449 1060 3511 363.

219 3539 243 3594 ὑ)
264 3538 385 3606 Ἀθηνᾶς
416 3535 577 3597 Σουνιάδος
606 3538 726 3603 templum
758 3548 966 3587 commemoratur
993 3539 1059 3602 apud
1083 3539 1190 3586 Paus.I
1217 3551 1252 3594 1.1
1275 3537 1355 3601 Soph.

183 3634 255 3682 Aiac.
278 3645 353 3681 1220.
373 3634 432 3680 Eur.
445 3632 513 3696 Cycl.
526 3645 576 3695 294
590 3649 626 3696 sq.
647 3634 687 3681 De
706 3635 767 3682 aede
786 3650 853 3682 sacra
873 3650 950 3698 nuper
969 3633 1058 3682 effossa
1077 3634 1133 3682 vide
1153 3633 1268 3691 Astus,
1287 3633 1356 3698 Eph.

183 3721 260 3770 Arch.
285 3734 359 3783 1900.
379 3721 438 3770 Vol.
458 3722 498 3769 III
517 3738 559 3786 pp.
584 3734 730 3786 130-150.

220 3814 243 3871 7)
263 3810 302 3859 Cl.
323 3811 423 3862 I'aus.l
442 3823 511 3873 31‚1.
534 3810 622 3876 Steph.
642 3813 701 3876 Byz.
725 3826 745 3861 s.
764 3827 787 3859 v.
808 3813 937 3884 Ζωσιήρ.

219 3906 244 3965 8)
263 3907 302 3954 (ἶ).
324 3907 419 3955 llerod.
439 3907 507 3955 VIII
526 3920 568 3969 94.
588 3908 653 3955 Plut.
673 3907 725 3956 Sol.
745 3922 765 3955 c.
776 3919 801 3966 9.
916 3910 941 3968 9)
960 3906 1000 3956 Cl.
1020 3908 1095 3956 Paus.
1116 3908 1126 3954 I
1148 3919 1188 3971 53
1208 3917 1234 3956 et
1252 3908 1265 3954 Ι
1285 3906 1355 3969 41‚6.

205 3997 244 4053 Ιο)
263 3995 303 4043 (tr.
325 3995 389 4044 loll.
411 3996 435 4042 lI
455 3996 523 4058 34‚8.
708 3998 748 4057 ιι)
766 3996 806 4045 CI.
826 3997 891 4044 Ibid.
912 3997 951 4043 III
973 4007 1042 4059 24‚5.

206 4088 244 4143 ιο)
264 4085 304 4132 (Jl.
324 4085 389 4132 llud.
410 4086 446 4131 lll
470 4097 554 4139 earo.
712 4088 751 4147 13l
771 4085 809 4134 cf.
829 4086 895 4134 Ibid.
915 4086 955 4134 IV
975 4088 1044 4147 3l›,2.

206 4176 246 4236 14)
268 4174 308 4222 (l.
328 4174 358 4223 C.
377 4175 398 4222 1.
418 4175 449 4221 li.
469 4175 520 4223 No.
541 4187 617 4237 ²553·
637 4175 719 4222 strab.
739 4175 765 4221 II
789 4178 844 4224 too.
863 4175 892 4222 X
912 4184 971 4236 472,
992 4185 1051 4237 474,
1073 4186 1132 4239 475,
1152 4174 1212 4238 478,
1232 4174 1292 4237 489.
