3090 4942
750 413 795 484 57

185 611 254 684 ries
283 610 360 682 illas
388 609 424 681 in
454 609 571 682 maius
599 606 880 681 accumulabant
894 603 927 704 ¹).
955 607 1052 678 Vera
1080 619 1190 700 atque
1210 606 1360 702 propria

183 734 404 833 significatio
441 734 570 806 harum
608 731 772 828 lapidum
800 745 942 805 struum
971 731 1078 827 plane
1106 731 1226 803 adhuc
1264 731 1359 816 latet,

185 885 409 957 quamquam
438 859 537 932 haud
566 882 704 954 paucas
718 856 765 929 de
783 856 852 929 hac
872 882 911 929 re
930 855 1157 952 protulerunt
1176 855 1243 928 viri
1262 856 1361 929 docti

183 985 378 1060 sententias
405 982 439 1083 ²).
467 983 579 1077 Quod
607 995 729 1077 autem
758 981 848 1055 haec
867 980 1064 1054 venerandi
1084 980 1175 1054 ratio
1194 982 1241 1053 ad
1259 981 1361 1054 illum

96 1162 99 1165 -
183 1110 414 1207 potissimum
453 1109 564 1182 deum
602 1107 765 1204 pertinet,
793 1106 855 1201 qui
888 1106 924 1177 in
954 1105 1138 1179 montibus
1167 1105 1363 1202 praecipue

185 1237 382 1320 colebatur,
420 1233 457 1306 id
495 1232 644 1305 minime
677 1231 861 1304 miramur.
895 1230 1083 1304 Consimili
1116 1230 1212 1303 enim
1247 1232 1361 1304 modo

137 1365 139 1368 ’
185 1359 310 1433 Iudaei
348 1360 419 1432 deo
457 1383 526 1432 suo
564 1356 764 1430 celsissimo
802 1356 960 1428 honores
998 1355 1223 1441 tribuebant;
1250 1382 1361 1452 saepe

184 1486 232 1558 ab
269 1484 312 1557 iis
349 1484 385 1556 in
413 1483 591 1556 honorem
619 1481 754 1555 summi
783 1481 841 1554 dei
869 1480 1033 1576 lapidum
1062 1481 1191 1554 tumuli
1220 1505 1362 1554 coacer-

184 1612 373 1696 vabantur,
411 1608 473 1704 qui
511 1606 678 1680 altarium
715 1606 796 1680 vice
832 1605 1070 1702 fungerentur
1096 1601 1131 1705 Β)
1159 1605 1262 1679 Facit
1288 1605 1360 1678 huc

185 1760 343 1831 quoque,
362 1734 463 1830 quod
482 1733 529 1806 de
543 1733 616 1805 alta
629 1731 690 1805 illa
703 1746 774 1814 Διὸς
787 1738 961 1821 Ὀλυμπίου
972 1756 1044 1816 ara,
1060 1756 1154 1825 quae
1165 1731 1361 1828 Olympiae

185 1875 262 1933 erat
289 1873 480 1944 exstructa
509 1856 698 1954 cognitum
728 1857 916 1929 habemus.
946 1857 1051 1929 Haec
1066 1881 1138 1942 ara,
1158 1881 1252 1962 quae
1270 1869 1361 1929 teste

185 1984 368 2059 Pausania
387 1981 412 2084 4)
436 1997 614 2080 congesta
631 1995 710 2055 erat
728 2008 749 2055 e
769 1980 890 2054 cinere
909 1980 1138 2054 victimarum
1155 1983 1361 2054 combusta-

187 2135 278 2196 rum,
312 2107 506 2205 quotannis
540 2107 658 2204 magis
692 2106 884 2202 magisque
916 2108 1157 2192 accrescebat,
1185 2107 1359 2201 quoniam

184 2234 337 2332 singulis
391 2233 503 2307 sacris
558 2230 813 2305 anniversariis
863 2256 980 2303 novus
1027 2230 1117 2304 cinis
1158 2231 1359 2305 hostiarum

185 2361 389 2434 adderetur.
417 2362 501 2432 Deo
530 2383 663 2454 nempe
682 2355 882 2430 celsissimo
898 2355 933 2427 in
951 2356 1056 2429 coelo
1072 2357 1247 2453 regnanti,
1262 2356 1359 2429 celso

185 2509 334 2580 quoque
367 2484 401 2555 in
437 2484 520 2556 loco
548 2507 625 2555 rem
649 2481 810 2554 divinam
839 2506 919 2554 esse
951 2480 1155 2554 faciendam
1184 2483 1361 2577 putabant

186 2609 274 2682 Elei.
325 2608 424 2702 Quid
467 2609 568 2703 quod
605 2606 728 2688 etiam,
762 2605 933 2702 Pergami
971 2605 1112 2678 incolae
1149 2606 1360 2678 numinibus

185 2735 403 2808 coelestibus
432 2733 467 2806 in
483 2731 679 2806 notissimis
698 2731 766 2805 illis
785 2731 919 2804 altariis
938 2730 1108 2827 praealtis
1122 2756 1227 2805 sacra
1241 2731 1360 2804 lacere

183 2861 375 2934 solebant?
391 2861 561 2932 Necnon
578 2856 720 2930 silentio
735 2856 1023 2952 praetermittere
1042 2856 1126 2929 licet
1140 2857 1360 2954 Babylonio-

185 3012 265 3058 rum
283 3010 421 3057 morem
438 2982 600 3080 ponendi
616 2981 743 3055 altaria
757 2981 826 3054 diis
841 2980 1047 3055 celsissimis
1062 2981 1098 3053 in
1108 2982 1262 3056 summis
1273 2997 1359 3056 tem-

184 3111 262 3207 plis,
290 3136 385 3205 quae
408 3109 561 3182 turrium
578 3108 690 3182 instar
705 3120 807 3180 erant
821 3106 1015 3180 aedificata
1027 3103 1062 3205 ⁵).
1078 3106 1359 3208 («Ziggurats»).

223 3353 247 3413 ι)
267 3351 307 3399 ct.
326 3350 403 3399 schol.
423 3351 454 3398 ad
474 3350 619 3412 Od.rt471
636 3355 660 3397 et
674 3348 789 3397 Eustath.
809 3349 841 3397 ad
860 3349 904 3398 h.l.
932 3348 1036 3397 Cornut.
1051 3347 1089 3397 16.
1119 3349 1193 3399 Babr.
1204 3349 1245 3412 48.
1275 3349 1358 3398 Strab.

185 3440 252 3487 VIII
272 3451 332 3501 343.
351 3440 408 3487 XV
428 3439 487 3487 818.
508 3438 637 3502 Theophr.
648 3436 761 3487 Charact.
776 3437 815 3485 16.
835 3437 955 3502 Polyaen.
966 3437 1073 3499 Strateg.
1089 3437 1128 3484 VI
1141 3450 1182 3500 ²4·
1205 3439 1279 3486 Paus.
1293 3439 1357 3486 VIII

184 3527 253 3592 34,6.
273 3528 325 3576 Dio
335 3527 481 3592 Chrysosth.
501 3528 545 3575 Or.
557 3527 599 3589 78.
607 3544 632 3591 p.
645 3539 696 3589 420
710 3528 745 3575 R.
777 3528 863 3591 Etym.
875 3528 921 3584 M,
941 3526 1061 3590 Hesych,
1071 3527 1142 3574 SuId.
1152 3543 1198 3576 s.v.
1209 3521 1356 3600 Ἔρμαῖομ,

220 3626 247 3686 2)
265 3625 304 3672 CI.
324 3623 451 3681 Welcker,
472 3623 516 3672 Gr.
536 3622 640 3672 Gotterl.
660 3622 686 3669 II
707 3633 766 3685 455.
787 3624 816 3671 B.
827 3622 949 3680 Schmidt,
963 3622 1143 3684 „Steinhaulen
1154 3623 1190 3671 als
1204 3624 1357 3682 Fluchmalc,

185 3712 389 3775 Hermcsheiligt.
409 3712 460 3759 und
480 3711 622 3774 Grahhtigel
643 3712 666 3758 ln
687 3711 803 3760 GrIech.'’
819 3711 908 3776 Jahrb.
928 3711 945 3760 s.
965 3711 1031 3761 Phil.
1056 3711 1128 3774 1893,
1148 3728 1190 3776 pp.
1208 3712 1357 3778 369-395.

184 3802 365 3851 Proh—Rob.
385 3802 428 3851 Gr.
448 3800 543 3865 Mytht
563 3800 575 3847 1
595 3799 645 3862 346
665 3801 743 3848 Anm.
765 3811 788 3863 5.
821 3801 858 3848 M.
879 3801 925 3849 W.
944 3801 976 3848 dc
994 3801 1092 3858 Visscr,
1116 3802 1157 3850 De
1176 3803 1290 3852 Graccor.
1310 3805 1357 3853 diis

184 3907 234 3939 non
253 3892 325 3939 refer.
344 3906 410 3955 spec.
430 3889 498 3938 hum.
519 3888 634 3952 80-85.

220 3983 245 4042 3)
264 3980 303 4029 CI.
324 3980 368 4028 W.
388 3980 530 4035 Baudissin,
549 3978 621 4027 Stud.
641 3994 661 4026 z.
682 3978 750 4029 Sem.
770 3979 854 4042 Relig.
874 3978 957 4041 gesch.
978 3980 1003 4027 II
1025 3980 1172 4045 255-261.

220 4070 247 4132 4)
268 4071 343 4117 Paus.
371 4070 396 4118 V
421 4067 494 4132 13,8:
519 4070 681 4137 Πεηοίηται
713 4063 744 4121 δὲ
772 4067 800 4139 (o‘
823 4072 871 4123 τοῦ
896 4067 970 4130 Διὸς
993 4073 1042 4123 τοὺ
1068 4071 1226 4142 Ὀλυμπίου
1247 4071 1355 4144 βωμὸς)

185 4165 301 4238 ἱερείων
322 4171 377 4218 τῶν
389 4162 536 4234 θυομένων
548 4161 585 4237 τῷ
597 4153 648 4218 Διὶ
662 4161 719 4218 ἀπὸ
735 4168 782 4234 τῆς
799 4163 902 4240 τέφρας
916 4173 970 4221 τῶν
980 4174 1085 4241 μηρῶν,
1107 4167 1259 4217 Cs.1bid.v
1274 4181 1357 4231 13,11.

221 4264 245 4324 5)
264 4260 305 4309 CI.
324 4260 399 4310 Ferd.
419 4277 442 4309 v.
462 4262 544 4310 Andr.
563 4259 679 4312 thenc.
700 4277 725 4326 p.
740 4263 799 4326 265.
