3106 4942
754 296 802 363 66

192 501 318 577 Widio
332 499 357 602 1)
400 501 514 576 firmis
556 502 780 600 argumentis
824 506 1065 601 comprobata
1110 510 1177 578 est.
1217 505 1364 580 'Ultimo

191 630 275 701 loco
304 629 339 701 in
369 628 602 702 numerandis
625 629 808 702 Arcadiae
827 629 1022 716 montibus,
1037 629 1072 701 in
1088 656 1244 725 quorum
1260 629 1366 703 verti-

192 753 295 827 cibus
314 753 475 828 Artemis
491 754 722 841 adorabatur‚
738 756 1016 827 memorandum
1032 767 1086 827 est
1111 766 1145 824 τὸ
1168 761 1365 844 Ἀρτεμίσιον

190 886 257 968 ὅρος
298 878 333 950 in
376 878 537 951 confinio
578 879 761 952 Arcadiae
802 892 912 975 atque
953 878 1143 976 Argolidis
1186 877 1295 951 situm
1328 874 1365 975 ²).

245 1003 356 1096 Quod
398 1004 446 1075 ad
484 1017 622 1076 ceteras
655 1004 834 1078 Graeciae
862 1004 1031 1101 regiones
1060 1003 1193 1088 attinet,
1220 1015 1365 1099 praeter

189 1128 388 1201 Arcadiam
416 1129 568 1226 Argolis
590 1142 626 1201 et
646 1129 829 1202 Laconica
848 1128 1025 1225 imprimis
1044 1137 1200 1218 ”Apum
1219 1127 1254 1198 in
1273 1127 1365 1199 locis

189 1253 438 1350 superioribus
457 1255 689 1328 veneratione
712 1268 928 1351 prosecutae
947 1278 1026 1326 esse
1045 1253 1221 1326 videntur.
1258 1266 1364 1344 Κορυ-

190 1389 267 1468 φαία
299 1380 551 1476 appellabatur
574 1389 736 1472 Ἄρτεμις,
760 1404 854 1474 quae
873 1379 908 1450 in
927 1403 1073 1451 summo
1094 1377 1268 1474 Corypho
1287 1375 1365 1450 sive
1398 1455 1401 1462 ,

190 1504 408 1602 Coryphaeo
437 1529 553 1600 prope
577 1503 804 1600 Epidaurum
826 1503 896 1576 sito
915 1494 1160 1600 colebaturl);
1180 1527 1275 1596 quae
1293 1503 1365 1574 dea

190 1629 328 1726 optime
356 1654 439 1701 cum
465 1635 631 1719 ’Ἀρτέμιδι
655 1637 800 1722 ‘Amatha
822 1654 917 1723 quae
932 1628 1031 1724 apud
1044 1626 1206 1723 Argivos
1226 1652 1364 1723 magno

190 1755 225 1827 in
267 1754 407 1826 honore
449 1765 526 1825 erat
552 1749 586 1850 ⁶),
614 1778 747 1847 neque
789 1752 908 1825 minus
955 1766 1039 1847 apte
1085 1777 1169 1824 cum
1203 1759 1364 1843 Ἀρτέμιδι

190 1886 374 1970 Ammattha,
406 1877 442 1949 in
470 1879 638 1974 Taygeto
676 1879 773 1950 culta
786 1873 821 1974 5),
849 1877 1089 1974 componitur.
1127 1877 1227 1948 Idem
1257 1875 1365 1961 enim,

190 2003 291 2096 quod
307 2000 354 2074 de
368 2001 593 2100 etymologia
612 2007 818 2082 Ἀπόλλωνος
833 2010 1038 2095 Λιιραδιώτου
1049 1995 1364 2096 observavimus⁶)‚

189 2127 237 2199 de
266 2134 432 2219 ’Ἀρτέμιδι
468 2133 642 2218 Arupium&
674 2126 803 2209 valere,
831 2127 891 2198 vix
919 2125 1135 2198 dubitationi
1163 2124 1363 2197 obnoxium

190 2264 252 2324 est.
281 2253 473 2324 Praeterea
491 2250 561 2324 dea
584 2256 748 2342 ὀρίπλανος
771 2251 806 2322 in
836 2250 998 2323 Phocide
1026 2275 1154 2346 rupem
1176 2249 1362 2344 quandam

189 2389 423 2472 praeruptam
438 2375 507 2447 sibi
522 2388 770 2447 consecratam
786 2374 946 2448 habebat
959 2373 993 2474 ’·.)
1009 2374 1128 2446 Etiam
1149 2374 1364 2470 Magnesiae

190 2500 492 2597 promontorium,
520 2499 578 2572 cui
602 2524 736 2572 nomen
756 2513 833 2572 erat
855 2509 966 2571 Τισαία
978 2508 1065 2592 ἄκρα,
1084 2499 1203 2571 eidem
1224 2498 1363 2571 numini

190 2638 267 2697 erat
294 2625 453 2697 dicatum
483 2622 518 2722 8).

245 2749 359 2822 Hisce
400 2748 574 2846 exemplis
616 2748 688 2820 iam
716 2748 803 2821 satis
832 2773 1016 2844 superque
1044 2747 1246 2821 ostendisse
1275 2746 1363 2820 mihi

189 2874 327 2960 videor,
342 2875 449 2946 deam
465 2873 695 2959 venatricem,
710 2899 806 2968 quae
819 2873 936 2945 beluis
946 2873 1171 2946 silvestribus
1181 2872 1365 2946 sectandis

189 3024 255 3094 per
291 2999 374 3071 loca
400 3000 561 3072 saltuosa
589 2998 837 3083 delectaretur,
866 2997 901 3069 in
932 2997 1116 3070 montibus
1140 2997 1363 3094 praesertim,

229 3159 253 3222 Ι)
272 3159 299 3208 S.
320 3159 404 3214 Wide,
424 3158 487 3207 Lak.
507 3157 580 3206 Kult.
600 3173 643 3221 pp.
666 3168 712 3220 115
733 3173 771 3220 sq.

226 3250 250 3307 2)
269 3247 404 3312 Complura
428 3263 527 3311 quoque
546 3247 715 3311 promontoria
733 3243 887 3320 Ἀρτέμιδι
906 3262 981 3304 sacra,
1000 3247 1031 3294 ab
1048 3262 1077 3294 ca
1099 3248 1274 3319 Ἀρτεμίσια
1290 3254 1360 3294 erant

189 3342 356 3391 denominata.
384 3342 426 3391 Sic
453 3343 479 3390 in
497 3343 615 3390 Euboeae
634 3342 805 3406 promontorio
823 3342 960 3390 Artemisio
981 3343 1124 3415 ''Apcspag
1147 3341 1280 3415 ηροσηῲα
1300 3341 1361 3389 cele·

189 3437 312 3486 brabatur.
331 3437 371 3486 Cf.
391 3437 487 3486 Herod.
504 3437 558 3485 VII
572 3446 617 3500 175
630 3453 667 3499 sq.
686 3437 754 3484 VIII
774 3437 797 3486 8.
818 3436 946 3486 Plutarch.
965 3436 1055 3486 Them.
1069 3438 1092 3487 8.
1104 3438 1171 3501 Nep.
1183 3437 1273 3487 Them.
1285 3437 1360 3499 1113.

190 3527 266 3575 Diod.
284 3526 335 3576 Sic.
352 3527 404 3573 XI·
419 3539 457 3573 12.
477 3527 601 3574 Necnon
620 3527 646 3573 in
665 3526 751 3574 Cariae
770 3528 941 3590 promontorio
960 3526 1069 3588 quodam
1082 3526 1220 3574 Artemisio
1240 3526 1361 3590 templum

189 3613 299 3663 habebat
318 3616 372 3664 dea.
393 3615 433 3664 cl.
452 3615 533 3664 Strab.
553 3615 623 3663 XIV
643 3613 703 3677 651.

225 3706 250 3765 3)
270 3703 308 3751 Cf.
329 3704 404 3752 Paus
424 3704 450 3750 ΙΙ
471 3702 539 3760 28,2.
558 3702 645 3766 Steph.
666 3704 727 3767 Byz.
746 3719 765 3751 s.
787 3719 811 3754 v.
832 3707 1004 3775 Κορυφαῐον.

225 3798 253 3859 4)
271 3797 312 3847 cf.
331 3798 443 3862 Hesych.
462 3813 482 3847 s.
502 3814 525 3847 v·
545 3799 659 3872 Ἀκρία.

225 3893 249 3956 5)
269 3891 307 3940 Cf.
327 3894 402 3942 Paus.
422 3894 463 3941 III
483 3902 540 3953 20,7
561 3894 649 3959 Steph.
668 3895 730 3957 Byz.
750 3910 770 3944 s.
789 3912 813 3945 v.
834 3888 942 3967 Λὲρρα.
963 3894 1074 3958 Hesych.
1092 3911 1145 3945 s.v.
1160 3892 1360 3964 Κιιλιιβοὶδια.

225 3985 250 4048 6)
269 3987 309 4036 Cf.
328 4003 385 4051 pag.
405 3987 447 4051 64.
629 3986 655 4054 7)
675 3991 749 4038 Paus.
770 3991 798 4037 X
818 4000 888 4052 37‚1.

205 4076 250 4138 48)
270 4076 310 4124 cf.
329 4076 415 4141 Apoll.
444 4076 563 4125 RhodI
592 4076 641 4140 568
673 4094 727 4142 sqq.
747 4095 766 4126 c.
787 4078 865 4127 schol.
913 4078 972 4127 Val.
992 4079 1076 4128 Flacc.
1096 4082 1158 4142 Arg.
1177 4081 1243 4140 117.
1280 4079 1361 4144 Otph.

190 4167 288 4227 Argon.
309 4179 368 4228 450.
388 4166 444 4214 liv.
464 4167 623 4214 XXXVIII
643 4179 667 4227 7.
693 4169 804 4231 Appian.
822 4166 910 4216 Mithr.
931 4178 973 4230 35.
