3090 4942
745 389 793 457 43

238 581 358 654 Etiam
389 581 423 653 in
454 581 607 654 Boeotia
634 580 692 653 ille
715 592 808 671 ,δαρὸς
829 592 946 669 γάμας”
976 581 1228 654 celebrabatur
1260 581 1359 654 festis

184 707 433 792 daedalorum‚
461 732 556 801 quae
579 706 759 779 dicuntur.
789 706 1140 791 Narrabaturenirn,
1164 717 1271 797 Ἥραν
1299 708 1359 780 ali-

184 833 333 927 quando
362 831 492 903 marito
513 831 640 903 iratam
662 830 697 902 in
717 833 910 904 Euboeam
930 830 1132 916 secessisse,
1157 842 1216 901 Λία
1237 845 1358 905 tamen

183 982 265 1030 eam
307 957 452 1052 placare
494 956 710 1051 cupientem,
752 956 799 1028 ad
838 955 1093 1029 Cithaeronem
1127 955 1357 1029 Plataearum

184 1106 309 1178 regem
338 1081 488 1166 venisse,
517 1093 556 1153 ut
584 1082 632 1152 ab
660 1105 705 1152 eo
733 1080 924 1153 consilium
954 1093 1101 1175 peteret.
1130 1080 1195 1151 lllo
1210 1095 1359 1153 auctore

183 1218 259 1288 Ζαίς
280 1206 516 1279 simulacrum
545 1205 718 1302 ligneum,
746 1207 848 1300 quod
878 1205 1033 1278 formam
1064 1204 1278 1277 muliebrem
1307 1231 1359 1278 re-

184 1331 301 1415 ferret
347 1330 517 1404 fabricari
559 1330 670 1403 iussit.
712 1330 796 1422 Quo
837 1330 1035 1403 simulacro
1078 1330 1113 1400 in
1156 1329 1357 1425 plaustrum

184 1455 365 1553 imposito
401 1455 585 1528 simulavit
617 1481 657 1528 se
688 1455 828 1550 Aesopi
873 1454 984 1526 filiam
1019 1455 1214 1539 Plataeam‚
1243 1480 1359 1550 nuper

184 1581 253 1653 sibi
295 1581 526 1676 dffiponsam
568 1579 852 1652 circumvehere.
881 1591 969 1669 εἩρα
997 1604 1093 1664 vem,
1131 1604 1215 1651 cum
1245 1579 1282 1650 id
1312 1580 1359 1652 ad

184 1705 262 1778 eius
299 1731 405 1778 aures
442 1704 655 1801 perveniret,
693 1705 776 1777 ilico
815 1703 995 1776 invidiosa
1026 1703 1182 1777 accurrit
1214 1718 1249 1776 et
1276 1706 1357 1777 velo

169 1805 356 1926 persone,
384 1830 543 1927 ligneam
574 1855 654 1903 esse
673 1829 835 1927 effigiem
852 1829 1039 1924 comperit,
1067 1854 1177 1923 quam
1194 1854 1261 1923 pro
1288 1841 1359 1912 Λαίς

185 1981 281 2027 nova
309 1969 423 2050 nupta
449 1956 647 2040 habuerat;
676 1955 826 2027 minime
855 1967 977 2026 tamen
1005 1953 1204 2050 indignata,
1219 1955 1359 2048 quoda

185 2081 315 2152 marito
348 2080 503 2175 decepta
538 2093 628 2169 erat,
666 2081 761 2153 laeto
799 2078 922 2151 animo
955 2104 1039 2152 cum
1069 2104 1113 2151 eo
1138 2079 1173 2150 in
1200 2079 1357 2175 gratiam

184 2205 298 2278 rediit.
327 2205 440 2279 Cuius
473 2205 524 2278 rei
553 2205 588 2276 in
618 2204 835 2278 memoriam
865 2205 1096 2276 Plataeenses
1125 2217 1160 2276 et
1188 2203 1356 2299 privatim

184 2330 275 2403 festa
316 2330 551 2403 celebrabant
578 2335 741 2418 ,,Λαίδαλα
764 2337 889 2420 μικραί”,
914 2354 998 2401 nam
1042 2329 1141 2423 apud
1184 2329 1358 2401 Boeotios

183 2455 376 2528 simalacra
412 2455 473 2528 illa
496 2461 629 2526 δαίδαλα
653 2456 968 2549 nuncupabantur,
1006 2467 1042 2526 et
1069 2468 1257 2549 praeterea
1285 2480 1358 2526 una

183 2606 268 2654 cum
319 2580 448 2653 ceteris
499 2578 674 2651 Boeotiae
720 2579 927 2652 civitatibus
982 2578 1089 2652 certis
1130 2579 1358 2675 temporibus

184 2711 326 2776 Δαίδαλα
361 2711 480 2794 μεγάλα
515 2705 692 2800 agebant;
721 2730 816 2800 quae
844 2704 936 2777 festa
963 2704 1024 2777 tali
1053 2705 1129 2777 lere
1158 2704 1227 2778 ritu
1257 2731 1358 2800 pera-

181 2831 372 2926 gebantur.
423 2829 600 2926 Singulae
645 2828 817 2916 civitates
859 2829 1055 2902 constituto
1098 2830 1260 2925 quodam
1289 2831 1358 2917 die,

182 2981 290 3027 suum
329 2980 498 3050 quaeque
535 2954 730 3028 daedalum
769 2957 816 3028 ad
854 2956 994 3051 Aesopi
1032 2955 1148 3051 ripam
1179 2955 1214 3026 in
1243 2982 1356 3028 unum

183 3080 305 3151 locum
344 3080 589 3154 conferebant.
628 3081 726 3166 lnde,
768 3080 882 3176 signis
915 3080 951 3152 in
982 3080 1149 3153 curribus
1177 3079 1356 3175 impositis

183 3204 434 3299 pronubisque
463 3205 609 3301 insuper
638 3206 672 3276 in
702 3231 765 3278 eos
793 3205 954 3290 sublatis
982 3230 1158 3300 pompam
1174 3206 1358 3277 ducebant

184 3326 219 3397 in
257 3327 483 3402 Cithaeronis
516 3331 698 3404 verticem.
728 3331 782 3403 lbi
812 3356 875 3403 ara
902 3330 1129 3426 ligneaerat
1157 3342 1292 3425 parata,
1321 3329 1356 3400 in

184 3476 257 3545 qua
296 3452 433 3525 hostias
470 3465 520 3524 Διί
557 3468 592 3527 et
629 3467 717 3550 Ἥρα
755 3481 840 3529 cum
871 3454 1034 3527 daedalis
1064 3469 1357 3539 concremarent;

183 3601 278 3671 quae
315 3601 378 3649 ara
405 3577 484 3673 ipsa
516 3578 623 3651 simul
652 3604 736 3652 cum
767 3579 818 3666 iis,
849 3605 944 3674 quae
972 3579 1005 3652 ei
1034 3593 1136 3652 erant
1164 3579 1357 3675 impositae

184 3701 268 3797 igne
310 3704 603 3776 consumebatur.
646 3705 751 3777 Haec
793 3703 993 3777 Pausanias
1034 3705 1081 3777 de
1127 3703 1356 3778 caerimoniis

222 3974 244 4033 1)
263 3972 304 4019 Sic
323 3970 374 4018 sere
392 3972 459 4035 apud
479 3972 628 4019 Pausaniam
648 3972 700 4031 (IX
720 3983 760 4033 3,1
781 3973 846 4035 sqq.)
865 3978 1073 4020 commemoratur
1092 3971 1183 4028 tabula,
1203 3989 1274 4036 quae,
1288 3974 1356 4036 qnod

182 4061 213 4108 ad
233 4076 355 4108 summanr
375 4062 408 4109 rei
427 4061 514 4109 attinet
532 4060 605 4124 plane
624 4062 736 4123 congruit
755 4061 892 4109 narrationi
911 4060 1156 4125 aPlutarcholapud
1167 4062 1260 4109 Euseb.
1271 4078 1356 4126 praep.

183 4166 270 4212 evang.
305 4149 346 4197 111
377 4147 418 4216 16)
447 4151 560 4200 traditae.
588 4149 745 4198 Cithaeronis
773 4158 868 4199 tantum
897 4157 979 4214 partes
1008 4150 1210 4209 Alalcomeneus,
1240 4151 1356 4199 Plataeae

187 4239 300 4288 Daedala
319 4240 378 4303 agit.
