3106 4942
748 344 800 410 40

243 533 525 608 Narrationibus
552 534 652 624 hisce
679 535 945 631 Aeginetorum
970 535 1016 607 de
1030 537 1166 640 Aeaco,
1182 534 1356 607 imbrium

189 661 435 755 deprecatore,
462 660 562 732 haud
590 659 774 733 dissimilis
802 673 856 733 est
884 661 1042 734 Ceorum
1072 659 1119 733 de
1146 659 1258 733 heroe
1290 686 1358 733 suo

188 784 358 857 Aristaeo
374 784 511 857 =fabula
520 781 554 881 1).
584 787 796 857 Narrabant
823 785 930 870 enim,
949 809 1034 857 cum
1050 784 1247 879 aliquando
1263 784 1361 857 circa

190 909 274 983 Sirii
311 906 432 982 ortum
470 909 581 981 ardor
607 910 695 983 solis
723 924 832 1004 atque
861 909 1033 983 imbrium
1063 909 1220 982 defectio
1249 935 1360 1005 agros

190 1033 323 1107 fertiles
360 1033 559 1106 insularum
588 1035 790 1131 Cycladum
819 1034 1041 1120 vastavisset,
1068 1034 1238 1128 antiquos
1266 1034 1361 1107 Ceos

191 1158 328 1231 oraculi
378 1159 561 1254 responsis
607 1162 803 1232 obsecutos
844 1159 1063 1245 Aristaeum,
1103 1158 1276 1255 Apolline
1318 1183 1360 1230 ac

190 1285 332 1381 Cyrene
369 1297 504 1370 natum,
531 1284 710 1371 oravisse,
747 1299 787 1357 ut
824 1311 868 1357 ex
904 1286 995 1357 urbe
1023 1283 1154 1357 Phthia
1181 1283 1250 1387 sibi
1278 1285 1360 1356 sub·

189 1409 335 1482 veniret.
364 1410 504 1481 Eorum
535 1409 705 1504 precibus
733 1410 952 1506 perductum
990 1409 1210 1494 Aristaeum,
1247 1409 1359 1482 Ceam

189 1534 405 1630 profectum,
434 1533 484 1606 ibi
503 1560 567 1607 ara
593 1548 664 1616 Διὸς
688 1546 828 1624 Ἰκμαίοιο
853 1535 888 1605 in
903 1535 986 1606 loco
1001 1534 1145 1606 excelso
1160 1533 1361 1618 aedificata,

189 1659 274 1732 huic
316 1659 387 1732 deo
429 1672 465 1731 et
505 1658 614 1732 sideri
661 1659 744 1732 Siro
790 1684 895 1732 sacra
934 1659 1120 1755 peregisse
1138 1656 1181 1757 2);
1227 1658 1361 1753 quibus

190 1784 293 1857 lactis
335 1784 528 1857 etesiarum
563 1765 670 1857 flatus
698 1783 841 1879 pluvias
869 1810 993 1856 rursus
1022 1784 1184 1857 attulisse
1211 1797 1247 1856 et
1270 1783 1361 1878 peri-

190 1909 313 1982 culum
351 1909 522 1982 siccitatis
568 1910 748 1982 avertisse.
800 1909 889 1982 Inde
926 1908 988 1982 Cei
1025 1908 1235 1982 Aristaeum
1273 1922 1361 1980 tam-

191 2061 301 2130 quam
331 2035 442 2108 deum
471 2035 591 2108 colere
618 2035 792 2107 solebant.

245 2161 301 2232 Ex
328 2159 384 2233 his
412 2160 523 2257 igitur
551 2159 622 2232 iam
652 2159 783 2232 clarius
812 2159 1040 2256 intellegitur,
1067 2159 1157 2254 quid
1185 2159 1241 2243 sit,
1259 2162 1360 2255 quod

194 2285 446 2358 Dicaearchus
474 2286 495 2357 l.
517 2286 538 2357 l.
562 2299 684 2357 narrat
711 2285 758 2357 de
786 2297 924 2381 pompa
952 2284 1012 2356 illa
1039 2284 1076 2356 in
1105 2286 1238 2359 montis
1271 2285 1360 2358 Pelii

190 2410 363 2483 verticem
401 2423 483 2483 acta
514 2412 584 2483 sub
620 2423 765 2505 tempus
804 2409 951 2482 orientis
979 2409 1183 2495 Caniculae,
1211 2411 1360 2506 quando

191 2549 312 2608 aestus
340 2535 386 2608 sit
412 2535 660 2632 gravissimus.
690 2534 875 2607 Nimirum
896 2522 1058 2607 montem
1078 2534 1359 2620 adscendebant,

192 2674 231 2732 ut
259 2687 281 2732 a
303 2672 354 2732 Ad
376 2660 511 2733 imbres
539 2660 783 2756 impetrarent.
812 2659 911 2752 Quid
940 2659 1042 2754 quod
1062 2659 1170 2732 etiam
1186 2660 1222 2732 in
1238 2674 1362 2733 monte
1396 2731 1397 2735 ,

193 2787 340 2882 Lycaeo
382 2810 404 2857 a
436 2797 485 2855 Διὶ
505 2795 635 2879 Λυκαίῳ
668 2785 803 2858 imbres
845 2786 1086 2881 petebantur?
1129 2785 1212 2877 Qua
1248 2786 1295 2858 de
1323 2811 1362 2858 re

191 2910 282 2983 haec
323 2910 433 2982 docet
474 2908 674 2983 Pausanias
694 2906 729 3010 3).
771 2910 913 3002 Quodsi
942 2910 1035 2982 forte
1063 2909 1235 2982 diuturna
1261 2909 1362 2983 sicci-

192 3049 264 3109 tate
292 3035 411 3108 solum
439 3033 642 3107 Arcadium
670 3035 812 3108 laborat
840 3048 950 3130 atque
977 3048 1120 3132 segetes
1140 3050 1362 3122 exarescunt‚

192 3172 264 3243 Λιὸς
287 3171 430 3232 Λυκαίου
466 3160 639 3232 sacerdos
681 3160 729 3233 ad
771 3185 904 3255 aquam
947 3160 1066 3246 fontis,
1108 3161 1167 3233 cui
1199 3160 1363 3258 nympha

194 3286 331 3381 Hagno
360 3310 494 3358 nomen
523 3284 632 3370 dedit,
661 3310 744 3359 cum
774 3285 982 3381 precatione
1011 3310 1207 3358 conversus
1223 3285 1362 3381 riteque

232 3555 253 3615 ι)
272 3554 310 3602 Cf.
335 3553 422 3617 Apoll.
453 3552 507 3603 Rh.
530 3555 592 3615 Arg.
612 3551 663 3614 498
683 3562 707 3601 et
728 3564 776 3616 522
796 3569 852 3601 cum
871 3552 971 3601 scholiis
990 3552 1176 3616 copiosissimis.
1214 3552 1362 3605 Diod-sie.

192 3643 233 3690 IV
252 3642 281 3690 81
304 3651 329 3690 ct
348 3643 390 3693 82.
409 3641 538 3706 Theophr.
557 3642 589 3689 de
607 3651 674 3694 vent.
694 3642 721 3689 II
744 3655 782 3704 14.
801 3642 875 3691 Pind.
896 3639 1057 3706 Pyth.1x.'

230 3734 254 3793 2)
272 3732 357 3780 Etiam
385 3731 516 3796 ApolloniI
542 3737 623 3780 aetate
651 3732 716 3779 Ceae
741 3731 828 3780 Incolis
856 3731 881 3778 in
909 3747 978 3779 more
996 3739 1048 3779 erat
1066 3731 1112 3779 sub
1131 3739 1213 3779 ortum
1232 3731 1363 3780 Caniculae

194 3837 261 3870 sacra
280 3822 368 3872 lacere.
405 3820 444 3873 Cf.
472 3823 534 3883 Arg.
562 3837 599 3872 vs.
629 3831 680 3883 524
703 3837 750 3885 sq:

770 3908 837 3982 Κέῳ
859 3905 883 3959 δ’
910 3905 953 3962 i'rt
974 3911 1025 3962 νῦν
1046 3908 1139 3982 ἱερῆες

415 4002 557 4059 ἀντολέων
578 4006 757 4080 προπάροιθε
779 4003 862 4066 κυνὸς
883 4004 1000 4078 ῥέζουσι
1022 4004 1140 4074 θυηλάς,

229 4103 270 4153 Cf.
289 4108 415 4165 praeterea
434 4102 534 4153 Heracl.
553 4104 629 4153 Pont.
648 4103 715 4166 apud
735 4103 814 4153 Cicer.
834 4102 921 4150 Divin.
940 4103 952 4148 I
973 4111 1015 4165 57.

231 4192 256 4253 3)
275 4191 351 4238 Paus.
371 4189 439 4238 VIII
459 4190 528 4252 38,4.
