3106 4942
499 902 1043 1021 PROOEMIUM.

245 1413 481 1509 Religionum
518 1425 681 1484 veterum
719 1426 886 1485 naturam
924 1426 1034 1508 atque
1062 1413 1225 1486 indolem
1255 1439 1360 1486 accu-

190 1551 266 1610 rate
293 1563 519 1634 cognoscere
547 1537 707 1634 cupienti
735 1563 808 1609 non
836 1551 976 1610 tantum
1006 1539 1160 1610 deorum
1176 1539 1360 1612 variorum

190 1664 364 1749 cultuum,
410 1688 609 1747 sacrorum,
648 1662 952 1735 caerimoniarum
989 1663 1231 1750 sollemnium,
1269 1665 1360 1737 ratio

189 1788 358 1860 habenda
392 1802 455 1874 est,
492 1814 619 1861 verum
649 1788 758 1860 etiam
787 1802 893 1861 acute
921 1790 1183 1884 quaerendum,
1214 1790 1361 1885 quibus·

53 1926 55 1930 '
189 1939 273 1985 nam
302 1913 338 1984 in
366 1913 456 1986 locis
484 1913 596 1986 sacris
623 1913 758 2010 singuli
787 1913 846 1986 dei
874 1914 945 1986 coli
972 1914 1068 1987 soliti
1087 1913 1166 1988 sint.
1196 1916 1295 1986 Nam
1325 1914 1360 1987 in

188 2037 268 2134 ipso
310 2038 476 2110 locorum
519 2038 666 2135 ingenio
709 2040 864 2111 deorum
907 2064 1057 2134 quoque
1095 2053 1224 2111 natura
1260 2040 1360 2113 haud

189 2188 271 2234 raro
300 2163 500 2259 conspicua
527 2177 590 2236 est.
608 2160 634 2261 1)
663 2162 842 2236 Colebant
870 2163 1003 2237 Graeci
1029 2165 1119 2236 deos
1147 2162 1183 2235 in
1203 2165 1361 2261 templis

190 2287 225 2358 in
254 2294 385 2374 ἄλσεσιν,
413 2286 449 2358 ἱη
478 2295 637 2375 τεμένεσιν,
665 2287 700 2358 in
730 2287 916 2361 montibus
944 2287 1128 2384 divisque,
1156 2315 1230 2384 qua
1257 2289 1292 2360 in
1322 2315 1361 2362 re

191 2437 212 2483 a
239 2411 349 2484 totius
378 2412 477 2485 orbis
504 2425 681 2484 terrarum
709 2413 855 2510 populis
879 2438 1009 2510 parum
1029 2413 1211 2486 differunt.
1239 2414 1361 2506 Quan-

189 2550 316 2632 topere
357 2550 479 2609 autem
521 2536 579 2609 hic
621 2537 657 2608 in
698 2538 788 2611 locis
825 2538 931 2612 editis
968 2539 1113 2611 colendi
1151 2564 1232 2612 mos
1260 2541 1360 2636 apud

189 2675 306 2734 totum
345 2661 420 2734 lere
454 2688 573 2759 genus
609 2663 811 2736 humanum
849 2678 912 2736 aut
947 2664 1070 2761 vigeat
1106 2664 1360 2760 autviguerit,

190 2786 365 2883 cognosci
402 2787 485 2860 licet
521 2813 566 2860 ex
598 2788 732 2877 ,studiis
768 2788 835 2861 viri
864 2789 963 2862 docti
992 2790 1097 2862 Ferd.
1124 2816 1156 2861 v.
1184 2789 1361 2863 Andrian.

190 2913 230 2983 ln
258 2912 351 2983 libro
380 2911 486 2998 enim,
514 2913 573 2985 cui
592 2913 716 2986 titulus
739 2915 842 2986 «Der
862 2915 1119 2987 Hohencultus
1137 2914 1361 2987 Asiatischer

189 3037 265 3108 und
294 3037 565 3133 Europeischer
592 3039 749 3111 Volker»
781 3039 1027 3136 complurium
1056 3039 1279 3135 populorum
1304 3065 1360 3112 su·

188 3161 426 3257 perstitiones
469 3188 563 3257 quae
604 3159 677 3236 huc
717 3162 862 3251 faciunt,
903 3165 989 3236 data
1026 3189 1140 3260 opera
1176 3163 1360 3249 tractavit;

189 3287 440 3381 quaestionem
469 3301 600 3375 tamen,
628 3314 728 3360 num.
744 3289 835 3362 haec
864 3289 1009 3361 colendi
1029 3289 1120 3361 ratio
1140 3288 1249 3361 etiam
1269 3288 1361 3361 inter

191 3412 354 3485 Graecos
392 3414 656 3507 Romanosque
694 3413 729 3485 in
759 3439 862 3486 more
890 3427 993 3499 esset,
1021 3414 1166 3510 penitus
1195 3413 1360 3509 neglexit.

189 3536 310 3627 Quam
339 3537 490 3631 quidem
518 3538 688 3610 lacunam
717 3539 863 3634 explere
892 3552 1045 3610 conatus
1065 3551 1119 3611 est
1139 3538 1360 3634 Rudolphus

192 3662 284 3732 Beer
301 3658 336 3760 2),
363 3662 428 3734 sed
457 3686 541 3733 cum
570 3664 747 3758 perbreve
774 3676 916 3734 tantum
944 3662 1120 3759 temporis
1148 3662 1306 3759 spatium
1327 3662 1360 3735 ei

230 3879 254 3948 1)
273 3882 381 3944 Cognitu
399 3883 545 3945 dignissima
564 3891 628 3941 sunt,
649 3899 713 3946 quae
731 3882 778 3931 hac
797 3885 828 3931 de
838 3900 863 3931 re
877 3884 1017 3932 observavit
1027 3885 1063 3933 K.
1074 3885 1104 3933 F.
1117 3886 1255 3943 Hermann,
1267 3885 1359 3933 Lehrb.

191 3971 215 4018 d.
236 3972 279 4018 Gr.
304 3973 392 4034 Antiq.
411 3971 439 4018 II
459 3982 572 4034 53-91.
592 3972 641 4020 Die
660 3972 826 4021 Oertlichlreit
845 3973 889 4021 des
908 3973 996 4022 Cultus
1015 3975 1040 4021 in
1060 3973 1125 4021 ihrer
1143 3975 1291 4036 Bedeutung
1309 3976 1360 4022 und

190 4061 359 4122 Anweudung
376 4060 415 4107 fiir
433 4060 578 4109 denselben.

228 4151 252 4212 2)
271 4150 342 4197 Rud.
361 4150 433 4207 Beer,
452 4149 553 4212 Heilige
571 4149 666 4198 Hohen
684 4151 728 4198 der
743 4150 809 4199 alten
820 4151 941 4201 Griechen
952 4152 1002 4200 und
1012 4153 1118 4200 Romer.
1137 4153 1202 4200 Eine
1212 4154 1361 4215 Ergiinzung

191 4255 221 4285 zu
239 4239 312 4291 Ferd.
332 4238 415 4289 Freih.
435 4256 458 4286 v.
477 4240 614 4288 Andrian’s
633 4239 727 4288 schrift
746 4240 965 4298 ,‚Hohencultus”.

1236 4366 1247 4411 1
