<?xml version="1.0" encoding="UTF-8"?>
<!DOCTYPE html PUBLIC "-//W3C//DTD XHTML 1.0 Transitional//EN"
    "http://www.w3.org/TR/xhtml1/DTD/xhtml1-transitional.dtd">
<html xmlns="http://www.w3.org/1999/xhtml" xml:lang="en" lang="en">
 <head>
  <title>
</title>
<meta http-equiv="Content-Type" content="text/html;charset=utf-8" />
  <meta name='ocr-system' content='tesseract 3.04.00' />
  <meta name='ocr-capabilities' content='ocr_page ocr_carea ocr_par ocr_line ocrx_word'/>
</head>
<body>
  <div class='ocr_page' id='page_1' title='image "./dediisinlocised00albegoog_0024.png"; bbox 0 0 3106 4942; ppageno 0'>
   <div class='ocr_carea' id='block_1_1' title="bbox 756 381 801 430">
    <p class='ocr_par' dir='ltr' id='par_1_1' title="bbox 756 381 801 430">
     <span class='ocr_line' id='line_1_1' title="bbox 756 381 801 430; baseline 0.044 -2"><span class='ocrx_word' id='word_1_1' title='bbox 756 381 801 430; x_wconf 91' lang='lat'>10</span> 
     </span>
    </p>
   </div>
   <div class='ocr_carea' id='block_1_2' title="bbox 187 569 1362 2167">
    <p class='ocr_par' dir='ltr' id='par_1_2' title="bbox 187 569 1362 1416">
     <span class='ocr_line' id='line_1_2' title="bbox 189 569 1362 668; baseline 0.004 -27"><span class='ocrx_word' id='word_1_2' title='bbox 189 569 326 666; x_wconf 90' lang='lat' dir='ltr'>Apollo</span> <span class='ocrx_word' id='word_1_3' title='bbox 365 571 537 656; x_wconf 74' lang='lat' dir='ltr'>Soranus</span> <span class='ocrx_word' id='word_1_4' title='bbox 570 571 628 644; x_wconf 93' lang='lat' dir='ltr'>cui</span> <span class='ocrx_word' id='word_1_5' title='bbox 666 571 818 645; x_wconf 81' lang='lat' dir='ltr'>Soracte</span> <span class='ocrx_word' id='word_1_6' title='bbox 846 597 990 645; x_wconf 91' lang='lat' dir='ltr'>sacrum</span> <span class='ocrx_word' id='word_1_7' title='bbox 1024 584 1110 658; x_wconf 89' lang='lat' dir='ltr'>erat,</span> <span class='ocrx_word' id='word_1_8' title='bbox 1138 570 1272 668; x_wconf 89' lang='lat' dir='ltr'>dignus</span> <span class='ocrx_word' id='word_1_9' title='bbox 1299 585 1362 658; x_wconf 87' lang='lat' dir='ltr'>est,</span> 
     </span>
     <span class='ocr_line' id='line_1_3' title="bbox 190 694 1362 790; baseline 0.002 -23"><span class='ocrx_word' id='word_1_10' title='bbox 190 694 252 790; x_wconf 93' lang='lat' dir='ltr'>qui</span> <span class='ocrx_word' id='word_1_11' title='bbox 281 694 496 768; x_wconf 90' lang='lat' dir='ltr'>nominetur.</span> <span class='ocrx_word' id='word_1_12' title='bbox 529 695 656 788; x_wconf 80' lang='lat' dir='ltr'>Qualis</span> <span class='ocrx_word' id='word_1_13' title='bbox 684 696 792 769; x_wconf 86' lang='lat' dir='ltr'>luerit</span> <span class='ocrx_word' id='word_1_14' title='bbox 819 696 878 770; x_wconf 93' lang='lat' dir='ltr'>ille</span> <span class='ocrx_word' id='word_1_15' title='bbox 906 698 997 770; x_wconf 91' lang='lat' dir='ltr'>deus</span> <span class='ocrx_word' id='word_1_16' title='bbox 1026 723 1046 769; x_wconf 96' lang='lat' dir='ltr'>e</span> <span class='ocrx_word' id='word_1_17' title='bbox 1074 710 1238 770; x_wconf 92' lang='lat' dir='ltr'>veterum</span> <span class='ocrx_word' id='word_1_18' title='bbox 1266 696 1362 770; x_wconf 88' lang='lat' dir='ltr'>testi·</span> 
     </span>
     <span class='ocr_line' id='line_1_4' title="bbox 191 820 1361 918; baseline 0.003 -26"><span class='ocrx_word' id='word_1_19' title='bbox 191 820 322 893; x_wconf 91' lang='lat' dir='ltr'>moniis</span> <span class='ocrx_word' id='word_1_20' title='bbox 349 847 417 916; x_wconf 92' lang='lat' dir='ltr'>pro</span> <span class='ocrx_word' id='word_1_21' title='bbox 446 835 545 894; x_wconf 92' lang='lat' dir='ltr'>certo</span> <span class='ocrx_word' id='word_1_22' title='bbox 574 821 697 918; x_wconf 83' lang='lat' dir='ltr'>colligi</span> <span class='ocrx_word' id='word_1_23' title='bbox 726 822 859 918; x_wconf 89' lang='lat' dir='ltr'>nequit.</span> <span class='ocrx_word' id='word_1_24' title='bbox 888 823 1002 895; x_wconf 90' lang='lat' dir='ltr'>Haud</span> <span class='ocrx_word' id='word_1_25' title='bbox 1027 821 1172 918; x_wconf 86' lang='lat' dir='ltr'><strong>illepide</strong></span> <span class='ocrx_word' id='word_1_26' title='bbox 1190 821 1361 918; x_wconf 92' lang='lat' dir='ltr'>egregius</span> 
     </span>
     <span class='ocr_line' id='line_1_5' title="bbox 187 943 1362 1046; baseline 0.002 -29"><span class='ocrx_word' id='word_1_27' title='bbox 187 946 427 1043; x_wconf 90' lang='lat' dir='ltr'>mythologus</span> <span class='ocrx_word' id='word_1_28' title='bbox 469 947 710 1021; x_wconf 90' lang='lat' dir='ltr'>Germanicus</span> <span class='ocrx_word' id='word_1_29' title='bbox 748 943 1021 1046; x_wconf 75' lang='lat' dir='ltr'>Mannhardt1)</span> <span class='ocrx_word' id='word_1_30' title='bbox 1050 946 1213 1033; x_wconf 90' lang='lat' dir='ltr'>coniecit,</span> <span class='ocrx_word' id='word_1_31' title='bbox 1241 948 1362 1032; x_wconf 92' lang='lat' dir='ltr'>deum,</span> 
     </span>
     <span class='ocr_line' id='line_1_6' title="bbox 189 1071 1361 1168; baseline 0.001 -25"><span class='ocrx_word' id='word_1_32' title='bbox 189 1071 253 1165; x_wconf 89' lang='lat' dir='ltr'>qui</span> <span class='ocrx_word' id='word_1_33' title='bbox 288 1096 399 1166; x_wconf 80' lang='lat' dir='ltr'>saepe</span> <span class='ocrx_word' id='word_1_34' title='bbox 419 1071 486 1144; x_wconf 90' lang='lat' dir='ltr'>&#39;sic</span> <span class='ocrx_word' id='word_1_35' title='bbox 537 1072 635 1144; x_wconf 94' lang='lat' dir='ltr'>nude</span> <span class='ocrx_word' id='word_1_36' title='bbox 672 1073 835 1145; x_wconf 88' lang='lat' dir='ltr'>Soranus</span> <span class='ocrx_word' id='word_1_37' title='bbox 876 1072 1127 1168; x_wconf 81' lang='lat' dir='ltr'>appellaretur,</span> <span class='ocrx_word' id='word_1_38' title='bbox 1164 1071 1361 1166; x_wconf 88' lang='lat' dir='ltr'>antiquitus</span> 
     </span>
     <span class='ocr_line' id='line_1_7' title="bbox 190 1195 1362 1292; baseline 0.001 -24"><span class='ocrx_word' id='word_1_39' title='bbox 190 1195 410 1268; x_wconf 88' lang='lat' dir='ltr'>Sabinorum</span> <span class='ocrx_word' id='word_1_40' title='bbox 440 1221 574 1268; x_wconf 93' lang='lat' dir='ltr'>numen</span> <span class='ocrx_word' id='word_1_41' title='bbox 603 1197 721 1270; x_wconf 89' lang='lat' dir='ltr'>solare</span> <span class='ocrx_word' id='word_1_42' title='bbox 750 1197 869 1282; x_wconf 86' lang='lat' dir='ltr'>luisse,</span> <span class='ocrx_word' id='word_1_43' title='bbox 897 1196 960 1292; x_wconf 90' lang='lat' dir='ltr'>qui</span> <span class='ocrx_word' id='word_1_44' title='bbox 989 1211 1117 1292; x_wconf 90' lang='lat' dir='ltr'>postea</span> <span class='ocrx_word' id='word_1_45' title='bbox 1145 1211 1229 1270; x_wconf 91' lang='lat' dir='ltr'>cum</span> <span class='ocrx_word' id='word_1_46' title='bbox 1250 1198 1362 1271; x_wconf 90' lang='lat' dir='ltr'>Grae-</span> 
     </span>
     <span class='ocr_line' id='line_1_8' title="bbox 190 1320 1086 1416; baseline 0.002 -24"><span class='ocrx_word' id='word_1_47' title='bbox 190 1346 318 1393; x_wconf 93' lang='lat' dir='ltr'>corum</span> <span class='ocrx_word' id='word_1_48' title='bbox 348 1322 420 1393; x_wconf 87' lang='lat' dir='ltr'>deo</span> <span class='ocrx_word' id='word_1_49' title='bbox 447 1321 621 1416; x_wconf 82' lang='lat' dir='ltr'>Apolline</span> <span class='ocrx_word' id='word_1_50' title='bbox 649 1321 684 1393; x_wconf 94' lang='lat' dir='ltr'>in</span> <span class='ocrx_word' id='word_1_51' title='bbox 713 1348 827 1394; x_wconf 92' lang='lat' dir='ltr'>unum</span> <span class='ocrx_word' id='word_1_52' title='bbox 857 1320 1086 1394; x_wconf 87' lang='lat' dir='ltr'>conflaretur.</span> 
     </span>
    </p>

    <p class='ocr_par' dir='ltr' id='par_1_3' title="bbox 189 1445 1362 2167">
     <span class='ocr_line' id='line_1_9' title="bbox 244 1445 1358 1543; baseline 0.001 -26"><span class='ocrx_word' id='word_1_53' title='bbox 244 1445 397 1518; x_wconf 81' lang='lat' dir='ltr'>Familia</span> <span class='ocrx_word' id='word_1_54' title='bbox 435 1445 640 1542; x_wconf 92' lang='lat' dir='ltr'>Hirporum</span> <span class='ocrx_word' id='word_1_55' title='bbox 673 1447 855 1543; x_wconf 86' lang='lat' dir='ltr'>Apollinis</span> <span class='ocrx_word' id='word_1_56' title='bbox 883 1446 1026 1519; x_wconf 84' lang='lat' dir='ltr'>Sorani</span> <span class='ocrx_word' id='word_1_57' title='bbox 1042 1472 1146 1520; x_wconf 91' lang='lat' dir='ltr'>sacra</span> <span class='ocrx_word' id='word_1_58' title='bbox 1174 1472 1295 1519; x_wconf 91' lang='lat' dir='ltr'>annua</span> <span class='ocrx_word' id='word_1_59' title='bbox 1323 1446 1358 1518; x_wconf 90' lang='lat' dir='ltr'>in</span> 
     </span>
     <span class='ocr_line' id='line_1_10' title="bbox 189 1571 1362 1673; baseline 0.001 -31"><span class='ocrx_word' id='word_1_60' title='bbox 189 1584 313 1642; x_wconf 89' lang='lat' dir='ltr'>monte</span> <span class='ocrx_word' id='word_1_61' title='bbox 350 1572 502 1644; x_wconf 80' lang='lat' dir='ltr'>Soracte</span> <span class='ocrx_word' id='word_1_62' title='bbox 543 1574 713 1657; x_wconf 89' lang='lat' dir='ltr'>curabat;</span> <span class='ocrx_word' id='word_1_63' title='bbox 749 1571 786 1644; x_wconf 93' lang='lat' dir='ltr'>hi</span> <span class='ocrx_word' id='word_1_64' title='bbox 824 1571 901 1644; x_wconf 91' lang='lat' dir='ltr'>dies</span> <span class='ocrx_word' id='word_1_65' title='bbox 939 1571 1050 1645; x_wconf 85' lang='lat' dir='ltr'>festos</span> <span class='ocrx_word' id='word_1_66' title='bbox 1087 1571 1280 1673; x_wconf 81' lang='lat' dir='ltr'>sollemnes</span> <span class='ocrx_word' id='word_1_67' title='bbox 1326 1585 1362 1643; x_wconf 90' lang='lat' dir='ltr'>et</span> 
     </span>
     <span class='ocr_line' id='line_1_11' title="bbox 189 1694 1362 1791; baseline 0.001 -24"><span class='ocrx_word' id='word_1_68' title='bbox 189 1694 267 1767; x_wconf 93' lang='lat' dir='ltr'>aliis</span> <span class='ocrx_word' id='word_1_69' title='bbox 317 1695 425 1769; x_wconf 90' lang='lat' dir='ltr'>variis</span> <span class='ocrx_word' id='word_1_70' title='bbox 471 1696 701 1770; x_wconf 86' lang='lat' dir='ltr'>caerimoniis</span> <span class='ocrx_word' id='word_1_71' title='bbox 743 1697 928 1769; x_wconf 91' lang='lat' dir='ltr'>celebrare</span> <span class='ocrx_word' id='word_1_72' title='bbox 968 1697 1135 1770; x_wconf 89' lang='lat' dir='ltr'>solebant</span> <span class='ocrx_word' id='word_1_73' title='bbox 1175 1710 1211 1768; x_wconf 91' lang='lat' dir='ltr'>et</span> <span class='ocrx_word' id='word_1_74' title='bbox 1251 1721 1362 1791; x_wconf 90' lang='lat' dir='ltr'>super</span> 
     </span>
     <span class='ocr_line' id='line_1_12' title="bbox 189 1820 1361 1920; baseline 0.002 -29"><span class='ocrx_word' id='word_1_75' title='bbox 189 1821 396 1892; x_wconf 86' lang='lat' dir='ltr'>ambustam</span> <span class='ocrx_word' id='word_1_76' title='bbox 424 1820 513 1916; x_wconf 92' lang='lat' dir='ltr'>ligni</span> <span class='ocrx_word' id='word_1_77' title='bbox 541 1834 677 1894; x_wconf 82' lang='lat' dir='ltr'>struem</span> <span class='ocrx_word' id='word_1_78' title='bbox 693 1823 917 1895; x_wconf 89' lang='lat' dir='ltr'>ambulando</span> <span class='ocrx_word' id='word_1_79' title='bbox 932 1820 966 1920; x_wconf 81' lang='lat'>²).</span> <span class='ocrx_word' id='word_1_80' title='bbox 997 1822 1096 1894; x_wconf 91' lang='lat' dir='ltr'>Hinc</span> <span class='ocrx_word' id='word_1_81' title='bbox 1121 1822 1220 1917; x_wconf 92' lang='lat' dir='ltr'>apud</span> <span class='ocrx_word' id='word_1_82' title='bbox 1236 1820 1361 1916; x_wconf 90' lang='lat' dir='ltr'>Vergi-</span> 
     </span>
     <span class='ocr_line' id='line_1_13' title="bbox 189 1940 1362 2042; baseline 0.002 -27"><span class='ocrx_word' id='word_1_83' title='bbox 189 1943 276 2016; x_wconf 95' lang='lat' dir='ltr'>lium</span> <span class='ocrx_word' id='word_1_84' title='bbox 288 1940 313 2041; x_wconf 87' lang='grc'>3)</span> <span class='ocrx_word' id='word_1_85' title='bbox 340 1946 493 2032; x_wconf 92' lang='lat' dir='ltr'>Arruns,</span> <span class='ocrx_word' id='word_1_86' title='bbox 521 1959 717 2040; x_wconf 86' lang='lat' dir='ltr'>antequam</span> <span class='ocrx_word' id='word_1_87' title='bbox 746 1946 782 2019; x_wconf 94' lang='lat' dir='ltr'>in</span> <span class='ocrx_word' id='word_1_88' title='bbox 803 1946 1003 2033; x_wconf 86' lang='lat' dir='ltr'>Camillam,</span> <span class='ocrx_word' id='word_1_89' title='bbox 1017 1946 1196 2042; x_wconf 90' lang='lat' dir='ltr'>virginem</span> <span class='ocrx_word' id='word_1_90' title='bbox 1212 1945 1362 2042; x_wconf 90' lang='lat' dir='ltr'>regiam,</span> 
     </span>
     <span class='ocr_line' id='line_1_14' title="bbox 190 2068 963 2167; baseline 0.005 -27"><span class='ocrx_word' id='word_1_91' title='bbox 190 2068 331 2141; x_wconf 89' lang='lat' dir='ltr'>hastam</span> <span class='ocrx_word' id='word_1_92' title='bbox 361 2069 477 2156; x_wconf 89' lang='lat' dir='ltr'>mittit,</span> <span class='ocrx_word' id='word_1_93' title='bbox 505 2070 557 2143; x_wconf 90' lang='lat' dir='ltr'>sic</span> <span class='ocrx_word' id='word_1_94' title='bbox 585 2085 755 2167; x_wconf 85' lang='lat' dir='ltr'>precatur</span> <span class='ocrx_word' id='word_1_95' title='bbox 782 2071 963 2167; x_wconf 91' lang='lat' dir='ltr'>Apollini:</span> 
     </span>
    </p>
   </div>
   <div class='ocr_carea' id='block_1_3' title="bbox 296 2258 1279 2481">
    <p class='ocr_par' dir='ltr' id='par_1_4' title="bbox 296 2258 1279 2481">
     <span class='ocr_line' id='line_1_15' title="bbox 296 2258 1258 2354; baseline 0.001 -25"><span class='ocrx_word' id='word_1_96' title='bbox 296 2258 449 2330; x_wconf 87' lang='lat' dir='ltr'>Summe</span> <span class='ocrx_word' id='word_1_97' title='bbox 477 2259 598 2345; x_wconf 90' lang='lat' dir='ltr'>deum,</span> <span class='ocrx_word' id='word_1_98' title='bbox 627 2259 742 2332; x_wconf 92' lang='lat' dir='ltr'>sancti</span> <span class='ocrx_word' id='word_1_99' title='bbox 771 2273 894 2332; x_wconf 91' lang='lat' dir='ltr'>custos</span> <span class='ocrx_word' id='word_1_100' title='bbox 922 2258 1084 2333; x_wconf 89' lang='lat' dir='ltr'>Soractis</span> <span class='ocrx_word' id='word_1_101' title='bbox 1111 2259 1258 2354; x_wconf 92' lang='lat' dir='ltr'>Apollo,</span> 
     </span>
     <span class='ocr_line' id='line_1_16' title="bbox 297 2372 1279 2481; baseline 0.001 -27"><span class='ocrx_word' id='word_1_102' title='bbox 297 2408 407 2477; x_wconf 92' lang='lat' dir='ltr'>quem</span> <span class='ocrx_word' id='word_1_103' title='bbox 436 2383 543 2479; x_wconf 91' lang='lat' dir='ltr'>primi</span> <span class='ocrx_word' id='word_1_104' title='bbox 572 2372 736 2470; x_wconf 88' lang='lat' dir='ltr'>colimus,</span> <span class='ocrx_word' id='word_1_105' title='bbox 764 2385 823 2457; x_wconf 93' lang='lat' dir='ltr'>cui</span> <span class='ocrx_word' id='word_1_106' title='bbox 852 2383 980 2481; x_wconf 90' lang='lat' dir='ltr'>pineus</span> <span class='ocrx_word' id='word_1_107' title='bbox 1009 2384 1121 2457; x_wconf 88' lang='lat' dir='ltr'>ardor</span> <span class='ocrx_word' id='word_1_108' title='bbox 1148 2408 1279 2456; x_wconf 92' lang='lat' dir='ltr'>acervo</span> 
     </span>
    </p>
   </div>
   <div class='ocr_carea' id='block_1_4' title="bbox 295 2508 1226 2854">
    <p class='ocr_par' dir='ltr' id='par_1_5' title="bbox 295 2508 1226 2854">
     <span class='ocr_line' id='line_1_17' title="bbox 295 2508 1226 2613; baseline 0 -33"><span class='ocrx_word' id='word_1_109' title='bbox 295 2508 457 2603; x_wconf 93' lang='lat' dir='ltr'>pascitur</span> <span class='ocrx_word' id='word_1_110' title='bbox 484 2522 520 2580; x_wconf 88' lang='lat' dir='ltr'>et</span> <span class='ocrx_word' id='word_1_111' title='bbox 548 2509 711 2613; x_wconf 86' lang='lat' dir='ltr'>medium</span> <span class='ocrx_word' id='word_1_112' title='bbox 741 2508 820 2582; x_wconf 85' lang='lat' dir='ltr'>lreti</span> <span class='ocrx_word' id='word_1_113' title='bbox 848 2509 982 2605; x_wconf 90' lang='lat' dir='ltr'>pietate</span> <span class='ocrx_word' id='word_1_114' title='bbox 1010 2534 1076 2604; x_wconf 92' lang='lat' dir='ltr'>per</span> <span class='ocrx_word' id='word_1_115' title='bbox 1103 2508 1226 2605; x_wconf 86' lang='lat' dir='ltr'>ignem</span> 
     </span>
     <span class='ocr_line' id='line_1_18' title="bbox 296 2633 1222 2730; baseline 0 -26"><span class='ocrx_word' id='word_1_116' title='bbox 296 2633 454 2705; x_wconf 91' lang='lat' dir='ltr'>cultores</span> <span class='ocrx_word' id='word_1_117' title='bbox 482 2634 596 2706; x_wconf 89' lang='lat' dir='ltr'>multa</span> <span class='ocrx_word' id='word_1_118' title='bbox 622 2634 823 2729; x_wconf 87' lang='lat' dir='ltr'>premimus</span> <span class='ocrx_word' id='word_1_119' title='bbox 850 2633 1004 2730; x_wconf 88' lang='lat' dir='ltr'>vestigia</span> <span class='ocrx_word' id='word_1_120' title='bbox 1031 2658 1156 2729; x_wconf 90' lang='lat' dir='ltr'>pruna,</span> <span class='ocrx_word' id='word_1_121' title='bbox 1221 2686 1222 2690; x_wconf 63' lang='lat'>,</span> 
     </span>
     <span class='ocr_line' id='line_1_19' title="bbox 296 2758 654 2854; baseline 0.008 -25"><span class='ocrx_word' id='word_1_122' title='bbox 296 2758 352 2843; x_wconf 84' lang='lat' dir='ltr'>da,</span> <span class='ocrx_word' id='word_1_123' title='bbox 380 2772 483 2854; x_wconf 90' lang='lat' dir='ltr'>pater</span> <span class='ocrx_word' id='word_1_124' title='bbox 510 2784 539 2831; x_wconf 94' lang='lat' dir='ltr'>e.</span> <span class='ocrx_word' id='word_1_125' title='bbox 567 2785 601 2853; x_wconf 92' lang='lat' dir='ltr'>q.</span> <span class='ocrx_word' id='word_1_126' title='bbox 628 2784 654 2832; x_wconf 91' lang='lat' dir='ltr'>s.</span> 
     </span>
    </p>
   </div>
   <div class='ocr_carea' id='block_1_5' title="bbox 188 2936 1398 3783">
    <p class='ocr_par' dir='ltr' id='par_1_6' title="bbox 188 2936 1398 3783">
     <span class='ocr_line' id='line_1_20' title="bbox 244 2936 1360 3010; baseline 0 -2"><span class='ocrx_word' id='word_1_127' title='bbox 244 2938 326 3009; x_wconf 91' lang='lat' dir='ltr'>Nec</span> <span class='ocrx_word' id='word_1_128' title='bbox 367 2963 441 3009; x_wconf 93' lang='lat' dir='ltr'>non</span> <span class='ocrx_word' id='word_1_129' title='bbox 484 2937 626 3010; x_wconf 88' lang='lat' dir='ltr'>Dianae</span> <span class='ocrx_word' id='word_1_130' title='bbox 667 2937 923 3010; x_wconf 92' lang='lat' dir='ltr'>Aventinensis</span> <span class='ocrx_word' id='word_1_131' title='bbox 955 2936 1213 3010; x_wconf 90' lang='lat' dir='ltr'>celeberrimus</span> <span class='ocrx_word' id='word_1_132' title='bbox 1241 2937 1360 3009; x_wconf 87' lang='lat' dir='ltr'>cultus</span> 
     </span>
     <span class='ocr_line' id='line_1_21' title="bbox 188 3061 1359 3158; baseline 0.002 -26"><span class='ocrx_word' id='word_1_133' title='bbox 188 3061 247 3133; x_wconf 89' lang='lat' dir='ltr'>hic</span> <span class='ocrx_word' id='word_1_134' title='bbox 275 3061 416 3135; x_wconf 91' lang='lat' dir='ltr'>silentio</span> <span class='ocrx_word' id='word_1_135' title='bbox 444 3062 631 3158; x_wconf 90' lang='lat' dir='ltr'>praeteriri</span> <span class='ocrx_word' id='word_1_136' title='bbox 659 3062 793 3158; x_wconf 86' lang='lat' dir='ltr'>nequit.</span> <span class='ocrx_word' id='word_1_137' title='bbox 830 3065 870 3135; x_wconf 93' lang='lat' dir='ltr'>In</span> <span class='ocrx_word' id='word_1_138' title='bbox 900 3076 1024 3135; x_wconf 94' lang='lat' dir='ltr'>monte</span> <span class='ocrx_word' id='word_1_139' title='bbox 1052 3061 1147 3135; x_wconf 87' lang='lat' dir='ltr'>enim</span> <span class='ocrx_word' id='word_1_140' title='bbox 1175 3062 1359 3135; x_wconf 91' lang='lat' dir='ltr'>Aventino</span> 
     </span>
     <span class='ocr_line' id='line_1_22' title="bbox 191 3186 1360 3282; baseline 0.001 -24"><span class='ocrx_word' id='word_1_141' title='bbox 191 3186 342 3272; x_wconf 91' lang='lat' dir='ltr'>Dianae,</span> <span class='ocrx_word' id='word_1_142' title='bbox 384 3189 513 3260; x_wconf 93' lang='lat' dir='ltr'>eadem</span> <span class='ocrx_word' id='word_1_143' title='bbox 556 3187 704 3274; x_wconf 88' lang='lat' dir='ltr'>ratione,</span> <span class='ocrx_word' id='word_1_144' title='bbox 747 3213 821 3282; x_wconf 92' lang='lat' dir='ltr'>qua</span> <span class='ocrx_word' id='word_1_145' title='bbox 862 3188 939 3261; x_wconf 90' lang='lat' dir='ltr'>Iovi</span> <span class='ocrx_word' id='word_1_146' title='bbox 982 3187 1017 3260; x_wconf 92' lang='lat' dir='ltr'>in</span> <span class='ocrx_word' id='word_1_147' title='bbox 1052 3200 1176 3259; x_wconf 89' lang='lat' dir='ltr'>monte</span> <span class='ocrx_word' id='word_1_148' title='bbox 1203 3188 1360 3272; x_wconf 91' lang='lat' dir='ltr'>Alban0,</span> 
     </span>
     <span class='ocr_line' id='line_1_23' title="bbox 189 3307 1398 3408; baseline 0.002 -26"><span class='ocrx_word' id='word_1_149' title='bbox 189 3336 385 3384; x_wconf 90' lang='lat' dir='ltr'>commune</span> <span class='ocrx_word' id='word_1_150' title='bbox 428 3312 640 3385; x_wconf 90' lang='lat' dir='ltr'>Latinorum</span> <span class='ocrx_word' id='word_1_151' title='bbox 682 3313 859 3408; x_wconf 91' lang='lat' dir='ltr'>templum</span> <span class='ocrx_word' id='word_1_152' title='bbox 893 3326 969 3385; x_wconf 91' lang='lat' dir='ltr'>erat</span> <span class='ocrx_word' id='word_1_153' title='bbox 996 3312 1194 3398; x_wconf 89' lang='lat' dir='ltr'>conditum,</span> <span class='ocrx_word' id='word_1_154' title='bbox 1221 3325 1361 3408; x_wconf 90' lang='lat' dir='ltr'>tempo·</span> <span class='ocrx_word' id='word_1_155' title='bbox 1395 3307 1398 3310; x_wconf 37' lang='lat'><em>⁴</em></span> 
     </span>
     <span class='ocr_line' id='line_1_24' title="bbox 189 3436 1358 3542; baseline 0.001 -34"><span class='ocrx_word' id='word_1_156' title='bbox 189 3436 289 3509; x_wconf 88' lang='lat' dir='ltr'>ribus</span> <span class='ocrx_word' id='word_1_157' title='bbox 303 3437 473 3509; x_wconf 88' lang='lat' dir='ltr'>nimirum</span> <span class='ocrx_word' id='word_1_158' title='bbox 490 3437 750 3523; x_wconf 89' lang='lat' dir='ltr'>remotissimis,</span> <span class='ocrx_word' id='word_1_159' title='bbox 764 3463 848 3509; x_wconf 92' lang='lat' dir='ltr'>cum</span> <span class='ocrx_word' id='word_1_160' title='bbox 865 3463 970 3510; x_wconf 89' lang='lat' dir='ltr'>mons</span> <span class='ocrx_word' id='word_1_161' title='bbox 980 3437 1185 3542; x_wconf 90' lang='lat' dir='ltr'>Aventinus</span> <span class='ocrx_word' id='word_1_162' title='bbox 1195 3438 1358 3509; x_wconf 92' lang='lat' dir='ltr'>nondum</span> 
     </span>
     <span class='ocr_line' id='line_1_25' title="bbox 189 3562 1361 3659; baseline -0.001 -24"><span class='ocrx_word' id='word_1_163' title='bbox 189 3562 281 3635; x_wconf 89' lang='lat' dir='ltr'>intra</span> <span class='ocrx_word' id='word_1_164' title='bbox 309 3564 454 3635; x_wconf 92' lang='lat' dir='ltr'>Romae</span> <span class='ocrx_word' id='word_1_165' title='bbox 481 3562 572 3635; x_wconf 87' lang='lat' dir='ltr'>lines</span> <span class='ocrx_word' id='word_1_166' title='bbox 599 3562 689 3635; x_wconf 90' lang='lat' dir='ltr'>situs</span> <span class='ocrx_word' id='word_1_167' title='bbox 718 3576 802 3635; x_wconf 87' lang='lat' dir='ltr'>erat.</span> <span class='ocrx_word' id='word_1_168' title='bbox 830 3562 956 3635; x_wconf 89' lang='lat' dir='ltr'>Idibus</span> <span class='ocrx_word' id='word_1_169' title='bbox 983 3562 1164 3659; x_wconf 82' lang='lat' dir='ltr'>Augustis</span> <span class='ocrx_word' id='word_1_170' title='bbox 1183 3562 1242 3635; x_wconf 93' lang='lat' dir='ltr'>hic</span> <span class='ocrx_word' id='word_1_171' title='bbox 1257 3575 1361 3657; x_wconf 92' lang='lat' dir='ltr'>quot-</span> 
     </span>
     <span class='ocr_line' id='line_1_26' title="bbox 190 3686 1361 3783; baseline 0 -24"><span class='ocrx_word' id='word_1_172' title='bbox 190 3686 292 3759; x_wconf 89' lang='lat' dir='ltr'>annis</span> <span class='ocrx_word' id='word_1_173' title='bbox 329 3687 364 3759; x_wconf 93' lang='lat' dir='ltr'>in</span> <span class='ocrx_word' id='word_1_174' title='bbox 403 3687 547 3760; x_wconf 92' lang='lat' dir='ltr'>Dianae</span> <span class='ocrx_word' id='word_1_175' title='bbox 587 3688 765 3760; x_wconf 91' lang='lat' dir='ltr'>honorem</span> <span class='ocrx_word' id='word_1_176' title='bbox 795 3686 873 3761; x_wconf 91' lang='lat' dir='ltr'>dies</span> <span class='ocrx_word' id='word_1_177' title='bbox 902 3687 1014 3760; x_wconf 81' lang='lat' dir='ltr'>festus</span> <span class='ocrx_word' id='word_1_178' title='bbox 1042 3689 1230 3783; x_wconf 82' lang='lat' dir='ltr'>agebatur,</span> <span class='ocrx_word' id='word_1_179' title='bbox 1257 3687 1361 3760; x_wconf 89' lang='lat' dir='ltr'>cuius</span> 
     </span>
    </p>
   </div>
   <div class='ocr_carea' id='block_1_6' title="bbox 189 3953 1359 4290">
    <p class='ocr_par' dir='ltr' id='par_1_7' title="bbox 189 3953 1359 4290">
     <span class='ocr_line' id='line_1_27' title="bbox 227 3953 875 4018; baseline 0 -17"><span class='ocrx_word' id='word_1_180' title='bbox 227 3957 249 4015; x_wconf 86' lang='lat'>1)</span> <span class='ocrx_word' id='word_1_181' title='bbox 268 3953 429 4011; x_wconf 87' lang='lat' dir='ltr'>Mannhardt,</span> <span class='ocrx_word' id='word_1_182' title='bbox 448 3953 538 4002; x_wconf 90' lang='lat' dir='ltr'>Wald-</span> <span class='ocrx_word' id='word_1_183' title='bbox 557 3971 581 4005; x_wconf 89' lang='lat' dir='ltr'>u.</span> <span class='ocrx_word' id='word_1_184' title='bbox 601 3953 691 4006; x_wconf 86' lang='lat' dir='ltr'>Feldk.</span> <span class='ocrx_word' id='word_1_185' title='bbox 712 3955 746 4002; x_wconf 90' lang='grc' dir='ltr'>ΙΙ.</span> <span class='ocrx_word' id='word_1_186' title='bbox 767 3964 817 4016; x_wconf 84' lang='lat'>327</span> <span class='ocrx_word' id='word_1_187' title='bbox 838 3971 875 4018; x_wconf 90' lang='lat' dir='ltr'>sq.</span> 
     </span>
     <span class='ocr_line' id='line_1_28' title="bbox 226 4042 1359 4107; baseline 0.001 -16"><span class='ocrx_word' id='word_1_188' title='bbox 226 4047 251 4104; x_wconf 78' lang='lat'>2]</span> <span class='ocrx_word' id='word_1_189' title='bbox 270 4044 308 4091; x_wconf 83' lang='lat' dir='ltr'>Cf.</span> <span class='ocrx_word' id='word_1_190' title='bbox 330 4043 395 4091; x_wconf 91' lang='lat' dir='ltr'>Plin.</span> <span class='ocrx_word' id='word_1_191' title='bbox 415 4043 450 4091; x_wconf 91' lang='lat' dir='ltr'>N.</span> <span class='ocrx_word' id='word_1_192' title='bbox 470 4044 506 4094; x_wconf 92' lang='lat' dir='ltr'>H.</span> <span class='ocrx_word' id='word_1_193' title='bbox 527 4044 579 4091; x_wconf 94' lang='lat' dir='ltr'>VII</span> <span class='ocrx_word' id='word_1_194' title='bbox 600 4056 622 4101; x_wconf 88' lang='lat'>2,</span> <span class='ocrx_word' id='word_1_195' title='bbox 647 4057 686 4105; x_wconf 88' lang='lat'>19.</span> <span class='ocrx_word' id='word_1_196' title='bbox 705 4044 787 4095; x_wconf 85' lang='lat' dir='ltr'>Strab.</span> <span class='ocrx_word' id='word_1_197' title='bbox 806 4044 832 4091; x_wconf 95' lang='lat' dir='ltr'>V</span> <span class='ocrx_word' id='word_1_198' title='bbox 853 4042 912 4092; x_wconf 80' lang='lat'><strong>226.</strong></span> <span class='ocrx_word' id='word_1_199' title='bbox 931 4044 1001 4092; x_wconf 88' lang='lat' dir='ltr'>Serv.</span> <span class='ocrx_word' id='word_1_200' title='bbox 1021 4044 1053 4091; x_wconf 83' lang='lat' dir='ltr'>ad</span> <span class='ocrx_word' id='word_1_201' title='bbox 1072 4044 1149 4106; x_wconf 87' lang='lat' dir='ltr'>Verg.</span> <span class='ocrx_word' id='word_1_202' title='bbox 1168 4046 1235 4092; x_wconf 90' lang='lat' dir='ltr'>Aen.</span> <span class='ocrx_word' id='word_1_203' title='bbox 1245 4043 1289 4090; x_wconf 91' lang='lat' dir='ltr'>XI</span> <span class='ocrx_word' id='word_1_204' title='bbox 1300 4043 1359 4107; x_wconf 85' lang='lat'>785.</span> 
     </span>
     <span class='ocr_line' id='line_1_29' title="bbox 189 4132 840 4195; baseline -0.002 -14"><span class='ocrx_word' id='word_1_205' title='bbox 189 4133 234 4182; x_wconf 93' lang='lat' dir='ltr'>Sil.</span> <span class='ocrx_word' id='word_1_206' title='bbox 254 4132 310 4181; x_wconf 87' lang='lat' dir='ltr'>Ital.</span> <span class='ocrx_word' id='word_1_207' title='bbox 328 4134 393 4181; x_wconf 89' lang='lat' dir='ltr'>Pun.</span> <span class='ocrx_word' id='word_1_208' title='bbox 413 4133 439 4180; x_wconf 95' lang='lat' dir='ltr'>V</span> <span class='ocrx_word' id='word_1_209' title='bbox 462 4143 519 4195; x_wconf 84' lang='lat'>175,</span> <span class='ocrx_word' id='word_1_210' title='bbox 539 4133 593 4180; x_wconf 89' lang='lat' dir='ltr'>VII</span> <span class='ocrx_word' id='word_1_211' title='bbox 613 4132 673 4190; x_wconf 83' lang='lat'>622,</span> <span class='ocrx_word' id='word_1_212' title='bbox 693 4133 761 4181; x_wconf 87' lang='lat' dir='ltr'>VllI</span> <span class='ocrx_word' id='word_1_213' title='bbox 780 4145 840 4195; x_wconf 82' lang='lat'><strong>494.</strong></span> 
     </span>
     <span class='ocr_line' id='line_1_30' title="bbox 225 4221 674 4290; baseline 0.002 -20"><span class='ocrx_word' id='word_1_214' title='bbox 225 4222 252 4289; x_wconf 83' lang='lat'>3)</span> <span class='ocrx_word' id='word_1_215' title='bbox 272 4222 349 4285; x_wconf 83' lang='lat' dir='ltr'>Verg.</span> <span class='ocrx_word' id='word_1_216' title='bbox 368 4224 434 4270; x_wconf 89' lang='lat' dir='ltr'>Aen.</span> <span class='ocrx_word' id='word_1_217' title='bbox 454 4222 497 4273; x_wconf 92' lang='lat' dir='ltr'>XI</span> <span class='ocrx_word' id='word_1_218' title='bbox 518 4221 566 4289; x_wconf 85' lang='lat'>785</span> <span class='ocrx_word' id='word_1_219' title='bbox 587 4237 609 4269; x_wconf 93' lang='lat' dir='ltr'>e.</span> <span class='ocrx_word' id='word_1_220' title='bbox 620 4237 644 4290; x_wconf 90' lang='lat' dir='ltr'>q.</span> <span class='ocrx_word' id='word_1_221' title='bbox 655 4238 674 4272; x_wconf 92' lang='lat' dir='ltr'>s.</span> 
     </span>
    </p>
   </div>
   <div class='ocr_carea' id='block_1_7' title="bbox 0 0 1558 4942">
    <p class='ocr_par' dir='ltr' id='par_1_8' title="bbox 0 0 1558 4942">
     <span class='ocr_line' id='line_1_31' title="bbox 0 0 1558 4942; baseline 0 0"><span class='ocrx_word' id='word_1_222' title='bbox 0 0 1558 4942; x_wconf 95' lang='lat' dir='ltr'> </span> 
     </span>
    </p>
   </div>
  </div>
 </body>
</html>
