3090 4942
732 392 804 443 100

176 582 295 673 fuerit,
338 596 401 657 aut
442 583 563 656 male
604 608 652 655 re
692 597 832 678 gesta
873 581 1056 669 fortunam
1093 581 1253 655 defuisse
1290 595 1353 656 aut

176 708 343 802 aliquo
381 708 605 780 facinore
642 720 895 804 comperto
933 707 1121 781 avaritiam
1160 731 1240 780 esse
1267 732 1352 779 con-

177 832 320 905 victam.

232 958 432 1030 Deleantur
459 983 538 1031 voc.
568 958 688 1031 male
721 983 769 1030 re
800 971 941 1055 gesta
972 972 1008 1031 et
1040 957 1208 1052 aliquo
1241 956 1352 1037 faci-

176 1107 291 1155 nore
330 1096 595 1179 comperto

696 1270 830 1344 XXVI.

184 1513 187 1519 ,
228 1431 342 1505 Tacit.
373 1431 510 1505 HistI
545 1455 604 1505 12:

229 1557 331 1630 multi
359 1558 470 1630 stulta
496 1582 572 1652 spe,
599 1571 710 1652 prout
738 1557 820 1651 quis
848 1557 988 1630 amicus
1015 1557 1073 1629 vel
1101 1555 1222 1642 cliens
1250 1556 1366 1628 hunc·

175 1682 360 1755 velillum
390 1681 671 1755 ambitiosis
700 1681 910 1754 rumoribus
938 1680 1177 1754 destinabant.

230 1809 303 1879 Pro
332 1807 615 1881 ambitiosis
643 1807 712 1904 leg.
741 1807 1006 1880 ambitiosi.

686 2023 836 2095 XXVII.

229 2182 343 2255 Tacit
361 2185 457 2255 Ann.
475 2184 547 2255 XV
570 2205 636 2276 57:

296 2308 357 2381 Sic
386 2308 526 2403 primus
554 2307 776 2404 quaestionis
805 2306 883 2380 dies
912 2321 1233 2404 contemptus,

229 2434 301 2505 Pro
330 2446 639 2529 contemptus
666 2434 736 2530 leg.
764 2433 1020 2507 contritus,

677 2647 847 2720 XXVIII.

229 2807 344 2881 Tacit.
365 2808 512 2904 Dialog.
536 2831 600 2881 20:

231 2934 456 3028 traduntque
493 2933 529 3004 in
566 2933 682 3005 vicem
722 2958 765 3006 ac
802 2958 912 3030 saepe
950 2933 985 3006 in
1014 2933 1177 3007 colonias
1204 2949 1240 3007 et
1267 2959 1349 3030 pro-

174 3056 312 3131 vincias
339 3083 451 3131 suas
479 3056 650 3130 scribunt

228 3184 301 3255 Pro
329 3208 442 3256 suas
469 3183 539 3280 leg.
566 3182 677 3257 suis.

694 3415 829 3487 XXIX.

228 3576 337 3674 Verg.
356 3579 448 3649 Aen.
468 3578 521 3648 IX
546 3600 635 3668 124:

228 3701 449 3798 Obstipuere
477 3700 606 3774 animis
637 3701 772 3787 Rutuli,
799 3701 1015 3774 conterritus
1043 3701 1120 3798 ipse

227 3827 399 3900 Turbatis
437 3829 632 3922 Messapus
666 3826 818 3921 equis,
851 3840 1042 3900 cunctatur
1074 3839 1110 3899 et
1137 3825 1254 3899 amnis
1282 3837 1348 3897 etc.

176 3952 320 4047 equis
354 3952 389 4025 in
423 3951 563 4048 aquis
596 3953 811 4026 mutandum
840 3965 903 4024 est.

654 4184 867 4195 ...-----
