3106 4942
763 304 784 370 6

189 513 417 586 Graecorum
442 537 591 608 quoque
620 512 754 609 mythis
770 512 897 585 ritibus
912 511 1215 608 caerimoniisque
1229 512 1360 588 divinis

189 638 310 710 lucem
341 637 463 710 afferri
491 663 602 733 posse
629 663 844 735 persuasum
873 638 1024 711 haberet
1042 635 1076 737 ¹).

244 764 339 836 Utut
365 776 428 848 est,
456 762 544 836 illud
572 788 640 859 pro
669 778 768 836 certo
797 777 940 836 constat
967 789 1043 850 nos,
1071 763 1100 836 si
1133 763 1359 859 singularum

191 887 383 984 regionum
413 888 591 962 Graeciae
619 889 765 985 mythos
794 889 986 984 cultusque
1014 902 1183 961 accurate
1197 914 1360 985 perscru-

189 1026 318 1096 temur,
360 1013 474 1086 multa
516 1028 722 1109 reperturos
764 1038 843 1086 esse
874 1013 1171 1109 superstitionum
1200 1013 1362 1111 vestigia,

190 1163 285 1232 quae
313 1137 398 1210 inde
425 1164 447 1210 a
462 1138 712 1212 remotissimis
726 1139 953 1234 temporibus
968 1140 1147 1234 usquead
1162 1153 1360 1212 extremam

190 1262 437 1360 paganitatem
479 1263 613 1336 intacta
654 1265 899 1337 remanserint.
927 1264 1046 1336 Anxie
1073 1264 1169 1337 enim
1199 1264 1362 1338 civitates

191 1387 353 1461 instituta
380 1413 492 1474 sacra,
521 1403 616 1483 quae
644 1415 666 1461 a
694 1389 893 1461 maioribus
921 1403 1146 1485 acceperant,
1173 1415 1363 1462 conserva-

192 1516 298 1600 bant;
326 1539 370 1586 ea
398 1505 626 1588 commutare
654 1529 716 1587 aut
747 1515 883 1587 violare
911 1540 1097 1587 summum
1125 1515 1225 1588 nefas
1253 1516 1362 1588 habe·

190 1643 298 1713 batur
315 1636 349 1738 ²).
941 1645 943 1650 ’

153 1783 155 1787 ‘
245 1765 389 1858 Quibus
417 1766 464 1838 de
491 1766 611 1839 causis
638 1765 833 1861 postremis
862 1765 964 1838 annis
991 1765 1058 1838 viri
1087 1765 1186 1839 docti
1215 1768 1362 1839 Immer-

190 1892 289 1964 wahr
321 1888 345 1990 3)
403 1891 513 1964 Wide
544 1887 570 1990 4)
626 1891 767 1963 Farnell
799 1889 824 1989 5)
876 1887 1084 1991 Gruppe⁶)
1134 1891 1361 1988 singularum

192 2015 384 2112 regionum
427 2029 463 2088 et
504 2015 690 2088 civitatum
733 2017 851 2089 cultus
894 2017 1114 2113 mythosque
1147 2015 1363 2111 conquirere

191 2141 312 2213 conati
353 2155 446 2227 sunt,
488 2141 626 2214 ratione
666 2140 791 2214 habita
831 2142 1007 2228 locorum,
1049 2142 1112 2214 ubi
1141 2142 1213 2214 nati
1242 2153 1362 2214 essent

192 2266 318 2352 cultus,
346 2266 409 2339 ubi
438 2266 653 2352 floruissent,
681 2292 857 2361 quorsum
887 2266 1011 2339 diffusi
1039 2280 1166 2339 essent.
1195 2269 1253 2339 Re
1276 2291 1362 2339 vera

191 2391 291 2464 hisce
327 2391 457 2464 studiis
494 2391 632 2487 optime
660 2392 778 2464 meriti
806 2406 891 2464 sunt
918 2393 965 2465 de
993 2392 1191 2488 disciplinis
1220 2392 1362 2489 mytho-

191 2516 321 2613 logicis
350 2531 385 2588 et
412 2516 798 2613 historico-religiosis;
819 2543 903 2590 nam
919 2517 1066 2590 firmum
1082 2518 1360 2590 fundamentum

192 2641 234 2714 iis
262 2643 549 2715 substruxerunt.
577 2643 720 2735 Quodsi
748 2668 875 2715 eorum
904 2643 1032 2716 studiis
1064 2644 1170 2739 plura
1184 2642 1362 2715 eiusdem-

134 2803 136 2808 ·
193 2767 293 2838 modi
318 2768 544 2855 accesserint,
558 2768 731 2842 succedet
745 2769 898 2841 fortasse
912 2768 1108 2863 aliquando
1123 2768 1201 2841 viro
1216 2793 1361 2845 summo

143 2906 144 2909 ’
192 2893 327 2990 ingenii
356 2893 525 2966 acumine
552 2894 728 2990 praedito,
752 2894 903 2966 materia
916 2894 976 2966 illa
989 2896 1082 2966 bene
1097 2894 1240 2990 digesta
1254 2907 1364 2988 atque

231 3110 255 3171 1)
275 3109 314 3158 Cf.
334 3109 465 3171 A.·Lang,
485 3108 568 3172 Myth.
588 3109 659 3156 ritual
678 3109 728 3156 and
748 3109 814 3171 relig.
834 3110 847 3155 1
868 3107 917 3155 262
938 3125 992 3172 sqq.
1012 3118 1037 3157 et
1055 3109 1114 3156 alibi
1133 3110 1233 3172 passim.

229 3198 255 3260 2)
275 3198 372 3261 Operae
399 3199 505 3261 pretium
534 3207 571 3245 est
598 3206 708 3245 accurate
726 3199 880 3261 perscrutari,
900 3214 964 3261 quac
983 3207 1077 3246 veteres
1095 3199 1144 3263 ipsi
1163 3199 1194 3246 de
1213 3199 1361 3246 Graecorum

192 3288 307 3351 peculiari
325 3287 503 3335 consuetudine
520 3287 561 3350 pie
580 3287 694 3334 servandi
712 3288 806 3350 patrios
825 3288 913 3346 cultus,
933 3289 1066 3335 memoriae
1085 3287 1255 3351 prodiderunt.
1274 3289 1310 3336 K.
1331 3288 1362 3338 F.

192 3378 352 3424 Hermannus
380 3376 497 3440 pleraque
525 3377 673 3434 testimonia,
693 3391 757 3439 quae
775 3376 824 3424 huc
842 3378 973 3440 pertinent,
992 3376 1063 3424 brevi
1082 3378 1107 3423 in
1125 3386 1260 3440 conspectu
1279 3377 1367 3444 posuit

193 3467 218 3513 in
237 3465 335 3528 egregio
354 3465 426 3521 libro,
446 3465 488 3528 qui
507 3465 648 3513 inscribitur
666 3465 758 3515 Lehrb.
778 3465 803 3514 d.
823 3465 922 3513 Griech.
942 3466 1030 3529 Antiq.
1051 3471 1087 3513 2er
1112 3465 1161 3514 Th.
1173 3482 1197 3529 p.
1212 3481 1237 3528 4.
1247 3469 1325 3514 Anm.
1337 3466 1361 3515 8.

193 3555 231 3602 cf.
251 3562 376 3618 praeterea
394 3557 427 3602 A.
448 3556 527 3616 Lang,
547 3555 585 3603 M.
605 3571 623 3602 r.
643 3555 730 3602 andr.
750 3555 776 3602 11
800 3553 845 3618 165
867 3563 892 3603 et
909 3556 940 3604 P.
960 3555 1070 3618 Stengel,
1090 3555 1194 3606 Handb.
1213 3556 1237 3603 d.
1249 3554 1294 3603 Kl.
1308 3555 1362 3608 Alt.

192 3660 215 3691 v.
235 3645 279 3691 Dr.
299 3645 320 3692 Ι.
339 3659 362 3695 v.
381 3644 495 3691 Mueller.
516 3644 574 3692 B.V
593 3643 680 3707 Abtlg.
700 3657 714 3706 3
734 3661 760 3707 p.
771 3657 795 3705 9.

229 3734 254 3794 3)
273 3733 319 3782 W.
338 3732 510 3791 Immerwahr,
530 3734 579 3780 Die
598 3732 678 3781 Kulte
697 3734 748 3781 und
766 3733 874 3797 Mythen
893 3732 1043 3783 Arkadiens.
1067 3733 1142 3795 1891.

228 3821 256 3890 4)
273 3823 332 3870 Sam
352 3823 439 3881 wide,
459 3821 616 3870 Lakonische
635 3821 724 3874 Kulte.
746 3822 820 3884 1893.
1203 3854 1205 3858 ,

229 3915 253 3977 5)
273 3914 303 3961 L.
322 3914 358 3960 R.
377 3911 485 3970 Farnell,
504 3910 560 3959 The
578 3911 639 3959 cults
658 3913 688 3959 of
704 3911 745 3959 the
764 3911 848 3960 Greek
866 3920 942 3960 states
965 3911 1038 3973 1896.
1068 3912 1127 3960 Vol.
1147 3913 1188 3959 111
1206 3913 1318 3960 nondum
1337 3913 1363 3960 in

192 4003 272 4051 lucem
292 4003 409 4050 emissum
428 4006 474 4049 est.

228 4087 256 4157 ὁ)
285 4090 316 4139 O.
346 4091 456 4154 Gmppe,
486 4089 584 4138 Griech.
612 4088 695 4152 Myth.
715 4090 767 4137 und
786 4090 845 4137 Rel.
865 4090 947 4152 gesch.
965 4090 1070 4137 Handb.
1090 4090 1115 4139 d.
1135 4090 1180 4137 Kl.
1200 4090 1253 4139 Alt.
1273 4106 1296 4139 v.
1316 4090 1363 4143 Dr.

192 4181 213 4227 1.
233 4196 256 4227 v.
276 4181 314 4226 M.
334 4180 365 4231 B.
375 4179 409 4226 V.
430 4178 517 4226 Abtz
538 4178 573 4224 H.
589 4190 609 4226 1.
633 4177 707 4238 1897.
999 4183 1001 4187 ’
