3106 4942
751 356 796 423 ²4

190 547 397 622 ficationem
426 573 510 620 eum
538 547 750 621 habendum
780 572 869 634 esse,
897 546 1116 644 Steudingio
1136 548 1313 622 assentior
1325 547 1360 649 ¹).

241 674 343 747 Idem
386 662 518 760 autem,
558 674 660 768 quod
701 675 748 747 de
788 673 937 746 Atlante
968 673 1147 769 perhibui,
1175 673 1284 748 etiam
1313 676 1361 749 de

188 800 344 873 Tantalo
373 799 503 885 valere,
530 824 596 894 per
623 823 663 872 se
678 798 906 898 intellegitur.
935 801 1034 872 Nam
1053 799 1197 872 Tantali
1212 826 1361 896 quoque

188 949 322 998 nomen
351 950 396 997 ex
422 924 534 1020 stirpe
558 929 618 993 τλα
641 938 761 1023 ortum
786 940 848 1014 est,
875 925 935 998 hic
951 926 1228 1021 quoquomodo
1244 951 1360 1013 mons,

190 1051 302 1123 modo
344 1050 452 1123 heros
493 1065 654 1137 vocatur,
695 1076 762 1124 nec
800 1077 874 1124 non
905 1077 1020 1148 grave
1044 1051 1233 1146 quoddam
1267 1077 1361 1125 onus

187 1174 348 1249 humeris
389 1175 567 1250 sustinere
607 1175 739 1249 dicitur
756 1174 791 1276 ²).
834 1180 969 1272 Neque
1014 1176 1124 1273 igitur
1164 1176 1236 1251 hoc
1276 1178 1360 1250 loco

189 1299 407 1397 Steudingio
435 1299 644 1397 adstipuler,
672 1301 735 1397 qui
763 1303 810 1375 de
836 1302 992 1376 Tantalo
1019 1301 1119 1375 haud
1134 1301 1236 1376 aliter
1249 1327 1361 1397 quam

188 1426 236 1499 de
271 1426 420 1509 Atlante
456 1425 630 1513 iudicans,
670 1427 864 1500 Tantalum
902 1452 1052 1522 quoque
1080 1427 1213 1501 montis
1240 1453 1362 1525 perso-

189 1551 435 1626 niiicationem
464 1578 543 1627 esse
570 1552 754 1649 perhibuit
772 1548 807 1651 ³).
1399 1540 1400 1543 ¹

242 1679 354 1771 Quod
386 1692 507 1752 autem
536 1680 584 1751 ad
613 1691 753 1752 ceteros
767 1678 915 1751 heroes:
943 1677 1198 1752 Cithaeronem
1215 1679 1363 1752 Helico-

189 1829 272 1877 nem
301 1804 496 1877 Ardettum
521 1807 740 1877 Parnassum
752 1795 921 1898 'aliosque
935 1806 983 1877 ab
997 1804 1128 1877 eodem
1144 1805 1362 1902 Steudingio

190 1928 327 2015 allatos,
355 1927 481 2002 attinet
498 1925 533 2027 ²¹),
561 1954 625 2001 eos
654 1953 781 2002 omnes
809 1954 848 2001 re
875 1954 962 2002 vera
989 1955 1011 2001 a
1039 1929 1224 2003 montibus
1252 1931 1363 2004 deno-

190 2053 347 2127 minatos
376 2079 456 2128 esse
482 2053 542 2126 vix
570 2054 744 2150 denegari
772 2067 901 2150 potest.
930 2053 1083 2127 Minime
1101 2055 1267 2152 proiecto
1281 2057 1362 2130 talis

191 2192 332 2253 montes
356 2178 639 2275 personiiicandi
654 2180 883 2253 consuetudo
899 2205 920 2252 a
935 2182 1162 2254 Graecorum
1179 2181 1361 2255 mentibus

190 2303 306 2377 aliena
355 2302 431 2378 fuit.
462 2305 568 2397 Quae
600 2304 749 2400 quidem
777 2331 835 2379 res
861 2306 961 2378 nullo
990 2308 1103 2379 modo
1132 2306 1251 2404 magis
1278 2332 1362 2380 con-

189 2430 317 2527 spicua
345 2429 441 2503 iacta
468 2444 531 2516 est,
559 2455 670 2526 quam
696 2456 745 2503 ex
763 2430 815 2517 iis,
835 2456 930 2526 quae
948 2431 1069 2505 studia
1083 2432 1362 2529 archaeologica

191 2580 258 2629 nos
299 2550 528 2629 docuerunt.
556 2557 612 2627 Fr.
653 2554 831 2629 Wieseler
848 2553 874 2654 5)
902 2556 998 2629 enim
1027 2556 1167 2653 primus
1195 2558 1361 2630 omnium

190 2681 372 2779 permulta
399 2680 547 2777 collegit
574 2680 792 2778 anaglypha,
820 2707 915 2783 quae
943 2707 1137 2778 personam
1167 2683 1362 2778 quendam,

191 2806 313 2903 quiete
328 2806 364 2879 in
380 2819 504 2880 monte
519 2807 716 2893 sedentem,
732 2831 943 2902 expressum
959 2807 1144 2882 habebant
1153 2808 1362 2905 quibusque

191 3052 340 3102 sententiam
359 3050 506 3100 firmandam
526 3049 600 3111 Διός
620 3050 769 3113 cognomina
798 3050 957 3111 Ταλειίτας
979 3049 1117 3112 Ταλλαῖος
1139 3051 1238 3112 Τάλως
1258 3053 1361 3113 confert,

190 3165 254 3213 quae
281 3148 365 3196 omnia
392 3149 424 3195 ab
443 3148 530 3196 eadem
549 3149 625 3212 stirpe
644 3147 706 3214 clo,
726 3165 756 3197 ex
775 3163 825 3210 qua
844 3146 953 3207 ”Asine
973 3154 1042 3196 ortus
1061 3155 1107 3205 est,
1118 3148 1239 3196 deducere
1249 3155 1361 3196 conatur.

190 3244 242 3292 Sed
260 3258 290 3291 ea
308 3243 392 3307 potius
411 3257 468 3291 cum
479 3243 556 3291 verbo
576 3242 673 3300 θάλλω
694 3244 824 3294 cohaerere
843 3245 915 3292 certis
925 3243 1075 3306 argumentis
1085 3241 1121 3290 H.
1132 3242 1230 3291 Usener
1240 3243 1361 3303 [Gottem.

194 3355 243 3405 130
262 3348 287 3389 et
309 3337 368 3406 134)
387 3340 512 3406 probavit.

230 3434 252 3492 1)
279 3431 401 3494 Steuding
429 3430 455 3478 iu
478 3429 575 3479 Rosch.
599 3433 674 3483 Ausi.
697 3431 758 3479 Lex.
777 3431 804 3478 II
824 3443 892 3491 2109
912 3430 985 3487 „Vor
1003 3429 1075 3477 allem
1094 3428 1155 3476 aber
1174 3427 1271 3477 scheint
1288 3428 1362 3477 Atlas

191 3522 269 3570 selbst
287 3519 457 3585 urspriinglich
475 3535 521 3568 nur
539 3520 593 3568 eine
612 3519 806 3585 Verkdrperung
824 3521 868 3568 der
886 3519 935 3567 den
954 3518 1067 3566 Himmel
1086 3516 1362 3581 scheinbartragenden

191 3612 271 3674 Berge
290 3626 321 3658 zu
339 3609 418 3658 sein.''

228 3700 254 3762 2)
283 3700 324 3747 De
342 3702 453 3747 veterum
472 3698 628 3757 testimoniis,
645 3714 708 3763 quae
726 3697 775 3747 huc
790 3696 923 3763 pertinent,
942 3697 999 3745 vide
1018 3696 1117 3746 Rosch.
1135 3699 1169 3744 A.
1189 3697 1219 3743 L.
1238 3696 1265 3743 II
1286 3709 1363 3745 2110.

227 3789 252 3851 3)
273 3789 319 3851 „In
338 3787 391 3836 ihm
410 3785 552 3854 (Tantalos)
563 3786 719 3852 magjcdoch
733 3787 862 3853 spezieller
879 3787 923 3835 der
932 3786 973 3835 bei
983 3784 1363 3848 vulkanischerErschiitterung

191 3876 309 3926 Einsturz
338 3876 467 3925 drohende
487 3877 570 3942 Gipsel
588 3878 633 3927 des
656 3879 747 3941 Berges
771 3876 873 3942 Sipylos
891 3876 1036 3941 verkdrpert
1055 3876 1158 3924 worden
1176 3875 1255 3923 sein.'’
1274 3875 1362 3925 Steud.

192 3969 228 4018 R.
247 3970 281 4018 A.
301 3968 332 4014 L.
351 3967 378 4014 II
398 3979 475 4018 2110.

228 4057 255 4120 4)
275 4055 371 4107 Rosch.
390 4058 425 4105 A.
444 4057 474 4103 L.
493 4056 520 4104 ΙΙ
540 4069 618 4106 2111.

229 4147 253 4208 5)
273 4146 315 4194 Fr.
334 4144 468 4203 Wieseler,
488 4144 581 4193 Nachr.
598 4161 621 4195 v.
640 4146 666 4194 d.
685 4145 756 4194 Kdn.
773 4146 832 4197 Ges.
851 4145 876 4193 d.
897 4143 977 4195 Wiss.
997 4144 1057 4193 ud.
1068 4144 1275 4207 Georg·Augusts
1285 4142 1362 4192 Univ.

192 4235 328 4297 Gottingen
350 4231 426 4294 1876.
445 4250 488 4298 pp.
510 4231 622 4298 63—85.
