3090 4942
752 391 798 463 59

184 587 305 672 deum,
333 585 437 658 cuius
464 585 588 658 locum
616 584 753 680 Apollo
781 596 910 678 postea
929 594 1134 679 occuparet.
1163 583 1357 654 Praeterea

185 715 338 797 Usener,
367 702 648 783 Moellendorlio
676 708 928 805 adstipulatus,
947 706 1185 803 probabiliter
1204 706 1360 779 coniecit

184 862 318 910 nomen
342 845 534 924 „Kumlprrov
557 842 655 926 ὄρυξ’,
677 834 741 907 ubl
770 839 944 905 Ἀπόλλων
971 840 1148 914 Malachae
1171 831 1359 917 coleretur,

185 976 306 1035 ortum
335 986 356 1033 e
382 959 495 1055 stirpe
518 991 574 1030 nov
597 959 630 1058 (i.
659 985 688 1032 e.
715 960 799 1058 lux),
818 957 980 1031 indicare
995 970 1157 1030 montem
1174 956 1358 1051 quendam

183 1087 405 1160 luminosum
435 1083 692 1183 («lichtberg»)
711 1080 746 1183 1).
772 1083 919 1176 Quibus
948 1083 995 1155 de
1023 1082 1142 1155 causis
1165 1080 1360 1154 verisimile

123 1203 125 1208 ¹
185 1211 273 1284 milri
310 1210 454 1283 videtur
482 1208 643 1305 priscum
672 1208 773 1282 illum
802 1209 913 1282 deum
939 1213 1127 1292 Μαλεάταν,
1151 1205 1213 1300 qui
1247 1231 1360 1301 poma

185 1336 304 1421 aleret,
332 1347 460 1430 postea
488 1333 639 1407 cessisse
663 1340 847 1405 Ἀπόλλωνι
872 1340 1042 1426 Mulsum,
1066 1333 1138 1404 deo
1157 1330 1360 1425 solariqui

184 1461 293 1533 etiam
336 1459 520 1532 caloribus
548 1458 714 1532 fecundis
742 1483 940 1554 pomorum
969 1459 1171 1531 ubertatem
1200 1467 1360 1551 augeret.

184 1586 246 1656 Ad
289 1583 439 1656 numina
480 1582 591 1680 igitur
631 1583 836 1679 pastoricia,
878 1609 960 1656 mea
998 1582 1146 1677 quidem
1175 1579 1360 1665 sententia

185 1715 359 1780 Ἀπόλλων
384 1715 559 1790 Matidiae
583 1708 794 1782 referendus
822 1734 895 1781 non
924 1721 987 1782 est.

240 1836 374 1928 Neque
401 1833 491 1906 alter
511 1833 569 1906 ille
586 1834 733 1929 Apoll0,
753 1834 815 1928 qui
842 1839 1006 1924 Ἀκρείτας
1028 1829 1361 1928 cognominabatur

185 1959 322 2054 quique
349 1984 371 2031 a
399 1958 580 2030 nonnullis
609 1958 694 2030 viris
722 1959 840 2031 doctis
868 1959 960 2030 deus
983 1955 1199 2053 pastoricius
1214 1954 1360 2026 habitus

188 2096 250 2169 est,
293 2108 331 2156 re
372 2109 458 2156 vera
500 2108 676 2177 umquam
719 2083 780 2155 tali
810 2107 962 2156 munere
990 2082 1135 2154 lunctus
1163 2104 1243 2152 esse
1272 2077 1359 2150 mihi

186 2208 335 2281 Videtur.
374 2210 473 2280 Nam
504 2207 653 2281 minime
681 2233 765 2281 cum
797 2213 923 2298 „alpem”
956 2213 1075 2297 ,,κριός”
1107 2210 1256 2295 ,,κάρνος”
1281 2201 1359 2275 elus

185 2358 393 2429 cognomen
436 2331 699 2406 conferendum
742 2357 822 2406 esse
863 2344 971 2427 puto;
1013 2329 1135 2426 potius
1172 2352 1360 2423 compara-

184 2457 298 2531 verim
324 2483 408 2529 cum
433 2466 616 2549 ,,ὲπάκριος”
642 2471 678 2530 et
700 2465 863 2548 ,,ἀκραῑος”
887 2453 922 2555 ²).
951 2456 1071 2549 Quam
1097 2455 1146 2527 ob
1165 2478 1241 2526 rem
1258 2452 1357 2525 illum

184 2608 333 2677 quoque
373 2583 583 2679 Apollinem
626 2608 699 2655 non
742 2584 852 2655 deum
895 2582 1079 2676 quendam
1122 2577 1358 2676 pastoricium

183 2708 354 2804 intellego
396 2708 462 2781 sed
505 2709 625 2794 deum,
668 2707 730 2802 qui
768 2708 803 2778 in
846 2707 936 2779 loeis
978 2705 1084 2779 editis
1121 2703 1286 2776 habitare
1324 2703 1358 2774 in

184 2833 323 2906 deliciis
350 2833 526 2906 habuerit.

237 2960 297 3030 De
324 2958 495 3054 pastorali
526 2957 637 3054 igitur
664 2957 845 3053 Apollinis
874 2956 1009 3042 officio
1036 2955 1163 3028 saltem
1180 2966 1359 3048 quatenus

184 3082 231 3153 ad
260 3082 338 3155 eius
366 3083 485 3156 cultus
514 3084 549 3154 in
577 3083 668 3156 locis
682 3082 933 3179 superioribus
949 3081 1083 3165 attinet,
1098 3092 1160 3152 aut
1174 3066 1360 3174 perpauca
1390 3058 1394 3065 4

184 3219 333 3293 tantum,
375 3221 438 3281 aut
479 3208 629 3280 omnino
658 3207 746 3280 nihil
774 3208 964 3304 cognitum
998 3205 1195 3288 habemus;
1233 3214 1360 3274 contra

184 3329 254 3401 alia
277 3331 336 3403 dei
361 3357 513 3405 munera
536 3333 725 3406 clariorem
751 3333 785 3404 in
814 3333 934 3405 lucem
963 3330 1155 3427 prodeunt.
1192 3330 1288 3399 Inter
1316 3352 1359 3399 ea

184 3454 397 3549 primarium
451 3457 590 3529 obtinet
639 3458 773 3543 locum,
811 3458 912 3552 quod
953 3453 1115 3550 Apollini
1159 3451 1280 3524 multis
1322 3451 1357 3522 in

183 3579 395 3676 regionibus
411 3582 647 3654 moderamen
672 3607 715 3655 ac
734 3581 922 3654 arbitrium
944 3579 1053 3652 maris
1073 3592 1149 3651 erat
1162 3577 1358 3661 tributum;

223 3869 244 3926 1)
265 3867 300 3914 H.
320 3867 426 3922 Usener,
447 3867 561 3916 Gitttern.
582 3879 639 3930 207.

221 3956 247 4017 2)
269 3956 309 4003 Cl.
329 3955 356 4003 S.
367 3955 453 4013 Wide,
472 3955 536 4003 Luk.
556 3955 631 4004 Kult.
650 3968 699 4017 91:
721 3954 902 4017 „Gewbhnlich
922 3954 985 4002 wlrd
1003 3953 1084 4000 dieser
1103 3952 1221 4000 Beiname
1240 3951 1276 3999 als
1297 3952 1358 4009 „der

182 4046 224 4091 aul
243 4045 290 4092 deu
312 4043 406 4092 Ht'rlren
425 4044 552 4093 verehrte”
566 4045 683 4108 gedeutet
694 4080 699 4093 .
713 4083 719 4095 .
730 4080 737 4094 .
749 4081 755 4094 .
773 4045 832 4092 aber
842 4060 899 4092 man
909 4043 976 4091 kann
987 4041 1049 4091 auch
1060 4043 1196 4113 ακρείῑας
1206 4043 1252 4092 mit
1263 4039 1356 4114 κέρας,

184 4140 273 4211 κρίος,
295 4139 396 4212 κάρνος
415 4140 439 4186 in
459 4139 617 4202 Verbinding
635 4140 746 4202 bringeri,
766 4154 794 4186 so
812 4139 870 4186 dass
890 4137 1001 4202 Apollon
1020 4132 1156 4210 ἀκρείτας
1177 4137 1234 4185 dem
1245 4136 1357 4201 Apollon

184 4236 315 4308 κάρνειος
335 4234 464 4283 verwandt
482 4234 573 4283 wilre?
