3106 4942
752 290 798 360 54

188 478 480 573 promontorium
528 476 686 575 denique
737 482 857 555 Malea
902 507 1036 558 nomen
1078 484 1229 558 dederat
1272 499 1357 558 Haut

190 601 356 688 Μαλειήτῃ
379 597 415 688 ¹).

500 816 563 887 DE
586 827 737 889 Διονύσου
760 839 1043 892 vENERA'rrouE.

244 1073 465 1170 Saepissime
511 1084 598 1147 Haut
641 1100 765 1150 comes
816 1076 1027 1173 adiungitur
1064 1089 1218 1163 Διόνυσος,
1259 1078 1360 1173 quod

191 1198 339 1294 quidem
382 1199 516 1272 nemini
554 1200 685 1273 mirum
723 1201 913 1288 videbitur,
950 1202 1013 1297 qui
1046 1202 1269 1299 cognoverit,
1298 1202 1361 1273 Di-

191 1349 347 1423 onysum
399 1350 547 1420 quoque
598 1325 633 1397 in
684 1351 837 1399 numero
880 1328 1034 1399 deorum
1081 1326 1360 1423 pastoriciorum

190 1439 400 1523 habendum
430 1475 517 1523 esse.
545 1450 615 1522 Vix
633 1451 728 1523 enim
754 1451 912 1524 dubitari
928 1466 1057 1548 potest,
1072 1452 1159 1547 quin
1175 1451 1361 1524 verissime

191 1576 238 1648 de
261 1600 305 1647 eo
329 1575 419 1647 haec
448 1575 695 1648 observaverit
723 1577 758 1649 S.
787 1576 897 1649 Wide
911 1575 954 1676 2);
988 1577 1267 1673 «Beziehungen
1296 1576 1361 1649 des

192 1701 334 1773 Bockes
374 1726 458 1772 zum
501 1700 689 1798 Dionysos
726 1702 898 1774 kommen
926 1702 1009 1774 sehr
1037 1701 1165 1798 haufig
1191 1727 1258 1774 vor
1285 1701 1361 1773 und

192 1826 335 1899 werden
364 1851 423 1897 am
452 1827 578 1898 besten
606 1813 771 1898 dadurch
796 1826 935 1912 erklart,
963 1813 1048 1899 dass
1069 1853 1152 1899 man
1177 1826 1362 1913 annimmt,

192 1953 258 2024 der
295 1953 385 2024 Gott
420 1951 515 2024 habe
552 1950 759 2047 ahsanglich
788 1965 893 2024 unter
921 1952 991 2024 den
1020 1951 1272 2048 Ziegenhirten
1301 1951 1363 2023 auf

192 2079 263 2150 den
306 2080 449 2174 Bergan
491 2077 708 2173 Verehrung
738 2077 957 2173 gefunden.»
994 2079 1034 2149 ln
1063 2077 1248 2151 montibus
1274 2103 1362 2150 sane

193 2202 318 2299 vagari
346 2204 543 2298 putabatur
570 2202 671 2287 deus,
700 2201 761 2296 qui
785 2213 935 2294 ὀρεσθεύς,
959 2213 1134 2294 ὀρειφοίτης,
1157 2213 1362 2294 οὐρεσιφοίτης

192 2353 302 2424 saepe
321 2327 652 2423 cognominabatur
667 2353 689 2399 a
703 2326 820 2423 poetis
835 2321 878 2422 3);
894 2326 929 2398 in
945 2325 1124 2399 montium
1140 2326 1235 2423 iugis
1251 2326 1363 2423 igitur

193 2453 393 2525 Maenades
434 2452 510 2525 sive
551 2452 736 2525 Thuiades
777 2451 980 2539 haedorum
1022 2451 1177 2547 pellibus
1206 2451 1362 2537 indutae,

193 2579 313 2675 capita
327 2593 523 2652 coronatae
536 2578 686 2663 hedera,
700 2577 845 2674 thyrsos
860 2577 966 2650 tibias
980 2590 1157 2674 tympana
1169 2589 1363 2673 gestantes

194 2704 298 2801 orgia
321 2705 504 2777 celebrare
531 2703 706 2777 solebant.
734 2704 774 2774 In
797 2701 854 2774 his
873 2701 1080 2775 Phocenses
1095 2704 1313 2776 Parnassum
1328 2699 1363 2798 ¹³),

194 2829 336 2902 Boeotii
365 2829 619 2903 Cithaeronem
634 2824 660 2926 ξ)
689 2841 724 2900 et
753 2822 1039 2927 Laphystium⁶)‚
1069 2826 1241 2899 Laconici
1269 2829 1363 2925 Tay-

192 2969 319 3052 getum
335 2953 360 3054 7)
397 2969 433 3027 et
470 2954 674 3051 Larysium,
711 2951 882 3024 Messenii
911 2952 1031 3024 Euam
1046 2949 1071 3049 b)
1100 2966 1271 3037 montem,
1304 2952 1362 3025 cui

193 3105 326 3152 nomen
364 3106 386 3153 a
422 3079 678 3152 bacchantium
708 3079 870 3156 clamore
895 3091 959 3151 εὐοῖ
980 3075 1133 3149 inditum
1162 3102 1242 3151 esse
1269 3077 1364 3148 dice-

193 3206 309 3291 batur,
332 3216 470 3301 Λιοωύσῳ
492 3222 801 3280 consecraverant.

233 3501 257 3562 1)
277 3498 374 3547 Callim.
394 3499 424 3546 fr.
444 3510 494 3560 412
516 3496 576 3560 (Ed.
596 3495 752 3558 Schneider).

232 3591 255 3650 2)
274 3587 361 3645 wide,
381 3586 444 3634 Lak.
463 3586 551 3634 Kulte.
575 3584 631 3644 169.
933 3585 959 3644 3)
978 3582 1043 3632 Ibid.
1063 3598 1118 3645 pag.
1142 3593 1199 3628 120.

230 3677 258 3741 4)
277 3677 351 3725 Paus.
361 3677 392 3724 X
405 3691 428 3738 4,
442 3689 465 3725 2.
476 3675 570 3724 Aesch.
580 3677 656 3724 Eum.
668 3687 699 3722 22
713 3691 767 3738 sqq.
778 3672 857 3737 Soph.
868 3672 955 3735 Antig.
970 3670 1044 3720 1126.
1056 3672 1116 3719 Eur.
1127 3669 1183 3735 Iph.
1198 3671 1273 3719 Taur.
1287 3681 1363 3732 1243.

232 3767 258 3831 5)
278 3767 354 3829 Verg.
374 3769 439 3814 Aen.
459 3765 499 3814 IV
519 3777 570 3826 300
587 3781 641 3828 sqq.
661 3766 735 3812 Paus.
755 3764 798 3810 IX
821 3775 841 3819 1,
855 3775 883 3819 2;
905 3759 1365 3823 3,1.Schol.Verg.Georg.III43.

230 3853 363 3925 6)Ety1n.
382 3857 420 3904 M·
441 3851 613 3922 Λαφύστιος
634 3852 650 3907 ὀ
670 3851 816 3914 Διόνυσος
837 3850 893 3907 ἀπὸ
915 3853 965 3906 τοῦ
986 3848 1017 3904 ἐν
1040 3852 1171 3923 Βοιωτίᾳ
1187 3845 1364 3916 Λαᾳυσῑίου

197 3949 279 4027 ὅρους
317 3949 400 3999 Schol.
420 3949 545 4014 Lycophr.
568 3959 642 4011 1237.
680 3944 866 4017 Λαφυστὶας·
889 3948 904 4001 ὁ
927 3940 1082 4008 Διόνυσος,
1104 3943 1160 4000 ἀπὸ
1177 3935 1361 4011 Λαφυστίου,

197 4045 280 4122 ὄρους
299 4048 455 4105 Βοιωτίας.

232 4147 256 4208 7)
275 4143 354 4191 Arist.
375 4143 435 4207 Lys.
459 4154 534 4205 1309.
554 4142 631 4204 Verg.
651 4141 742 4202 Georg.
762 4139 858 4203 11486
881 4155 935 4204 sqq.
1080 4137 1104 4200 8)
1123 4138 1198 4184 Paus.
1217 4136 1257 4184 IV
1278 4147 1319 4199 31,
1339 4150 1364 4198 4.
