3106 4942
676 329 809 430 ,¹32

200 555 468 629 Demaenetum
511 553 743 628 Parrhasium
786 554 822 627 in
854 554 1044 641 sacrificiu
1077 555 1178 650 quod
1206 555 1373 628 Arcades

201 679 278 753 lovi
325 683 473 777 Lycaeo
518 680 697 753 humana.
725 679 976 753 etiamtum
1018 679 1139 753 hostia
1181 679 1372 767 faciebant,

200 805 377 879 immolati
391 805 495 900 pueri
510 819 593 879 exta
604 806 852 902 degustasse.»
871 806 976 898 Quae
989 807 1103 878 verba
1125 820 1275 878 auctore
1293 804 1372 878 viro

198 931 309 1003 docto
325 932 366 1002 Ε.
382 933 511 1028 Meyer
523 927 550 1029 ¹)
577 930 629 1004 sic
644 930 914 1026 interpretanda
929 956 1009 1004 esse
1023 956 1166 1017 cense0,
1179 929 1372 1026 Agriopae

199 1069 365 1153 tempore
402 1082 475 1128 non
507 1056 664 1151 amplius
691 1056 727 1128 in
756 1082 825 1129 usu
853 1055 965 1129 fuisse
991 1055 1171 1129 sacrificia
1202 1055 1371 1142 humana,

199 1207 294 1277 quae
322 1180 538 1254 Demaeneti
567 1194 685 1253 aetate
717 1179 966 1253 etiamtum
1004 1180 1149 1254 fiebant.
1178 1181 1253 1254 Sed
1280 1180 1370 1253 haec

200 1307 272 1379 iam
300 1307 386 1380 satis
414 1307 461 1379 de
488 1305 643 1378 victimis
668 1319 717 1377 Διὶ
740 1316 870 1401 Λυκαίῳ
893 1306 1098 1379 immolatis.
1267 1373 1268 1377 ,

251 1431 375 1518 Aliud,
416 1433 518 1526 quod
556 1430 691 1528 Lycaei
719 1433 837 1504 cultus
873 1431 1033 1503 habebat
1061 1443 1265 1504 memoratu
1294 1429 1372 1526 dig-

199 1557 399 1643 nissimum,
435 1557 507 1629 hoc
541 1547 606 1629 est.
645 1559 684 1628 ln
723 1570 848 1628 monte
885 1558 1032 1653 Lycaeo
1065 1557 1168 1630 locus
1196 1569 1273 1629 erat
1300 1556 1372 1628 deo

94 1750 96 1753 .
200 1696 443 1768 consecratus,
471 1680 534 1754 ubi
562 1681 695 1753 intrare
722 1680 824 1754 nefas
853 1694 937 1766 erat,
966 1681 1028 1776 qui
1052 1681 1155 1754 locus
1173 1681 1244 1753 hoc
1264 1707 1372 1777 pecu-

198 1806 286 1879 liare
313 1806 450 1879 habere
477 1808 683 1902 putabatur,
712 1806 823 1901 quod,
852 1805 1077 1901 quicumque
1095 1806 1188 1879 intra
1206 1806 1284 1879 eius
1299 1831 1373 1878 am-

197 1931 315 2004 bitum
343 1957 383 2004 se
411 1931 628 2018 immisisset,
656 1931 790 2004 nullam
820 1931 970 2003 omnino
1000 1933 1168 2004 umbram
1194 1932 1372 2004 redderet.

255 2060 298 2118 Τὸ
314 2055 345 2118 δὲ
362 2057 429 2139 ὄρος
448 2056 611 2140 παρέχεται
633 2061 667 2119 τὸ
684 2058 827 2119 Λύκαιον
843 2061 892 2118 καὶ
915 2054 997 2118 ἄλλα
1011 2058 1039 2128 ἐς
1051 2065 1161 2136 θαῦμα
1175 2061 1223 2119 καὶ
1235 2055 1372 2137 μάλιστα

201 2164 277 2228 τόθι.
312 2165 440 2246 Τέμανός
471 2167 553 2229 ἔστιν
585 2167 616 2229 ἓν
647 2169 733 2253 αὐτῷ
764 2167 907 2228 Λυκαίου
932 2167 1012 2242 Διός,
1034 2163 1135 2237 ἔσοδος
1159 2164 1189 2228 δὲ
1214 2169 1269 2229 οὐκ
1291 2163 1373 2229 >ἐστιν

200 2276 229 2346 ἐς
272 2278 349 2336 αὐτὸ
385 2276 571 2357 ἀνθρώποις·
608 2273 793 2358 ὑπεριδόντα
828 2273 858 2336 δὲ
893 2287 950 2336 τοῦ
992 2276 1086 2355 νόμον
1125 2279 1174 2336 καὶ
1206 2273 1373 2338 ἐσελθόντα

201 2386 320 2466 ἀνάγκη
356 2397 443 2447 πᾶσα
477 2387 574 2447 αὐτὸν
607 2386 750 2447 ἐνιαυτοῦ
785 2385 889 2466 πρόσω
924 2389 965 2467 μὴ
995 2387 1112 2469 βιῶναι·
1145 2388 1194 2447 καὶ
1225 2383 1297 2446 τάδε
1328 2381 1372 2446 ἴτι

175 2490 177 2493 ’
200 2490 326 2571 ἐλέγετο,
350 2496 390 2554 τὰ
414 2495 499 2566 ἐντὸς
522 2507 578 2556 τοῦ
603 2493 743 2572 τεμένους
766 2494 912 2573 γενόμενα
936 2495 1044 2574 ὁμοίως
1069 2495 1176 2557 πάντα
1201 2497 1251 2556 καὶ
1278 2495 1373 2576 θηρία

201 2606 250 2664 καὶ
274 2603 461 2684 ἀνθρώπους
485 2605 521 2665 οὐ
545 2602 731 2686 παρέχεσθαι
755 2598 898 2684 σκιάνῗ).

254 2712 330 2783 Iam
372 2711 459 2784 satis
500 2713 547 2784 de
584 2711 814 2785 caerimoniis
852 2714 1036 2807 rebusque
1064 2712 1372 2799 memorabilibus

200 2863 296 2930 quae
323 2837 370 2909 ad
399 2837 537 2909 cultum
566 2837 602 2908 in
625 2851 755 2910 monte
784 2838 931 2935 Lycaeo
960 2838 1149 2934 pertinent,
1176 2838 1288 2912 locuti
1315 2865 1373 2912 su-

201 2987 291 3034 mus
319 2961 520 3036 Videamus
552 2988 658 3048 nunc,
686 2962 776 3057 quid
804 2963 851 3035 de
880 2962 1022 3059 origine
1050 2964 1144 3036 illius
1172 2964 1290 3037 cultus
1310 2966 1373 3036 ob-

149 3102 152 3109 '
199 3088 419 3159 servandum
448 3087 502 3160 sit.
517 3087 692 3160 Permulti
706 3113 794 3160 sane
807 3087 875 3160 viri
890 3088 989 3160 docti
1003 3083 1029 3186 3)
1044 3090 1091 3162 de
1104 3088 1373 3185 significatione

239 3259 261 3318 1)
280 3256 319 3304 Cs.
338 3258 370 3305 E.
389 3257 486 3320 Meyer.
504 3249 615 3304 Forsch.¹
629 3273 650 3303 z.
670 3256 712 3304 alt.
732 3255 822 3305 Gesch.
842 3256 856 3303 I
876 3267 907 3319 53
928 3258 1006 3304 Anm.
1030 3269 1051 3306 1.

237 3348 261 3408 2)
277 3347 353 3393 Paus.
373 3345 441 3393 VIII
460 3343 529 3407 38,6.
549 3345 589 3392 De
608 3345 694 3393 ceteris
713 3351 824 3393 veterum
844 3345 1002 3405 testimoniis,
1021 3361 1085 3409 quae
1103 3344 1152 3394 huc
1169 3347 1302 3411 pertinent,
1315 3347 1372 3395 vide

200 3435 328 3483 Immerw.
347 3435 384 3482 K.
404 3451 429 3482 u.
449 3435 487 3481 M.
507 3433 572 3484 Ark.
593 3444 670 3494 7-9.
759 3420 761 3426 ’

235 3525 261 3586 3)
280 3524 319 3572 Cf.
338 3523 368 3573 C.
381 3524 412 3571 Ο.
427 3523 515 3571 Muell.
534 3524 598 3573 Dor.
609 3525 622 3570 Ι
632 3534 682 3586 305
694 3538 732 3587 sq.
744 3524 838 3581 Kruse,
857 3522 946 3572 Hellas
956 3523 969 3570 I
980 3533 1040 3587 457.
1051 3523 1163 3583 Lobeck,
1173 3524 1300 3589 Aglaoph.
1311 3524 1371 3587 895.

197 3612 221 3676 J.
241 3614 271 3660 F.
291 3614 381 3671 Lauer,
406 3613 472 3676 Syst.
498 3613 523 3660 d.
549 3628 584 3676 gr.
603 3611 686 3676 Myth.
717 3612 765 3660 180
789 3628 844 3676 sqq.
873 3613 910 3665 K.
932 3611 1078 3671 Schwenck,
1098 3613 1184 3676 Myth.
1203 3614 1229 3661 d.
1248 3614 1291 3662 Gr.
1315 3624 1372 3674 177.

200 3703 231 3749 E.
255 3701 375 3760 Gerhard,
396 3702 439 3750 Gr.
458 3699 542 3765 Myth.
561 3701 608 3766 15
631 3712 688 3765 195.
708 3703 740 3750 O.
756 3702 832 3766 Jahn,
852 3703 908 3749 Ber.
928 3702 954 3752 d.
973 3701 1059 3751 Stichs.
1079 3703 1137 3752 Ges.
1156 3702 1182 3755 d.
1201 3703 1282 3751 WIss.
1305 3701 1370 3765 1847

200 3805 243 3855 pp.
268 3803 316 3853 423
343 3806 398 3854 sqq.
427 3791 462 3840 H.
488 3791 523 3840 D.
548 3790 662 3850 Mueller,
682 3791 767 3839 Ueber
785 3792 834 3839 den
853 3792 917 3840 Zeus
935 3790 1001 3854 Lyk.
1021 3792 1108 3854 Progr.
1127 3792 1239 3854 Gotting.
1262 3791 1326 3855 1851
1348 3799 1373 3840 et

200 3879 284 3944 Myth.
303 3879 327 3927 d.
348 3881 391 3929 Gr.
411 3880 448 3928 St.
468 3879 495 3927 11
514 3879 544 3927 81
567 3896 621 3944 sqq.
642 3881 672 3930 F.
692 3881 723 3928 G.
737 3879 865 3938 Welcker,
880 3881 924 3929 Gr.
935 3880 1040 3932 Gdtterl.
1051 3880 1064 3928 Ι
1075 3893 1192 3945 210sqq.
1210 3880 1372 3938 Mannhardt,

200 3968 289 4017 Wald-
309 3985 334 4018 u.
353 3968 443 4017 Feldk.
462 3970 490 4016 II
508 3968 560 4031 336
580 3985 635 4032 sqq.
653 3970 801 4018 Robertson
819 3969 910 4027 sarith,
929 3968 1031 4033 Encycl.
1050 3971 1113 4020 Brit.
1129 3970 1190 4019 Vol.
1200 3971 1274 4018 XXI
1284 3986 1308 4034 p.
1324 3970 1372 4032 136

201 4074 221 4106 s.
240 4075 264 4107 v.
283 4056 399 4107 sacrifice.
419 4059 464 4106 W.
483 4057 655 4116 Immerwahr,
674 4059 711 4106 K.
731 4075 755 4111 u.
771 4074 805 4106 m.
817 4058 983 4122 Ark.1--24.
994 4058 1207 4118 Preller-Robert,
1218 4059 1261 4108 Gr.
1272 4058 1372 4122 Myth.⁴

201 4148 214 4195 I
237 4158 283 4208 127
304 4163 342 4211 sq.
362 4147 395 4199 E.
413 4148 508 4211 Meyer,
528 4147 632 4196 Forsch.
652 4165 674 4198 z.
693 4165 715 4196 a.
735 4147 826 4198 Gesch.
846 4148 859 4195 I
879 4147 993 4211 53-66.
1012 4149 1042 4195 L.
1062 4150 1098 4196 R.
1117 4148 1224 4206 Famell,
1244 4147 1287 4196 the
1309 4147 1372 4196 cults

200 4238 230 4288 of
245 4237 287 4286 the
306 4238 349 4287 Gr.
368 4237 405 4286 St.
425 4237 438 4284 I
457 4250 487 4300 41
510 4252 547 4302 sq.
566 4238 609 4287 H.
622 4238 728 4296 Usener,
748 4239 927 4287 Gotternamen
949 4237 1096 4298 199—216.
