3106 4942
760 348 803 416 16

194 575 234 634 ut
262 559 375 657 ipsius
402 561 516 632 verba
542 560 699 645 faudem,
731 559 820 632 «das
839 557 1010 655 religiose
1029 559 1249 633 Bewustsein
1266 559 1365 633 nicht

194 686 298 759 mehr
334 686 405 757 den
434 685 552 757 Mond
581 685 656 757 und
684 683 745 757 die
773 685 902 757 Steme
930 684 1006 756 und
1034 684 1094 757 die
1122 686 1255 771 Sonne,
1283 711 1364 758 son-

194 812 283 884 dem
307 810 395 908 jetzt
423 809 524 882 ihren
551 823 781 907 gesammten
810 808 996 905 Inbegriff,
1024 811 1090 882 das
1117 835 1234 906 ganze
1259 810 1364 882 Him-

194 936 461 1032 melsgewolbe,
500 935 571 1008 den
610 934 774 1009 Himmel
810 935 922 1008 selbst
949 935 1002 1007 als
1029 935 1181 1008 hochste
1210 935 1364 1022 Fetisch,
1467 976 1469 980 ν

193 1062 245 1135 als
273 1061 372 1134 seine
399 1061 551 1133 hochste
580 1059 745 1135 Gottheit
772 1060 998 1133 betrachtet»
1017 1056 1052 1158 ¹).

247 1186 367 1259 Etiam
397 1213 441 1259 ex
468 1185 520 1272 iis,
548 1211 644 1280 quae
671 1186 718 1258 de
746 1187 1001 1285 Romanorum
1030 1184 1100 1258 diis
1124 1184 1160 1257 in
1176 1185 1363 1258 montibus

193 1312 297 1385 cultis
321 1311 538 1384 tradidimus
547 1307 582 1408 ²),
601 1324 752 1406 apparet
774 1310 993 1406 praecipuos
1019 1309 1275 1383 huiuscemodi
1290 1310 1363 1382 cuf-

192 1451 250 1509 tus
279 1438 326 1509 ad
353 1462 416 1509 eos
445 1435 625 1532 pertinere
653 1437 753 1521 deoS,
780 1435 843 1530 qui
872 1435 907 1507 in
936 1435 1040 1508 coelo
1074 1461 1228 1532 regnum
1253 1461 1360 1509 suum

191 1562 393 1634 habuerint.
422 1563 521 1634 Nam
550 1575 694 1657 praeter
721 1562 846 1633 Iovem
875 1561 995 1656 ipsum
1024 1573 1060 1632 et
1079 1560 1237 1633 Dianam
1254 1562 1360 1633 deam

172 1687 365 1788 'lunarem
394 1686 503 1758 etiam
533 1687 725 1772 Soranum,
754 1711 863 1779 quem
880 1686 991 1758 deum
1011 1685 1047 1756 in
1067 1700 1192 1758 monte
1207 1687 1360 1759 Soracte

192 1812 330 1884 cultum
359 1811 469 1885 fuisse
496 1837 608 1907 supra
622 1810 993 1883 commemoravimus
1007 1805 1042 1909 3),
1057 1810 1092 1882 in
1113 1835 1265 1882 numero
1282 1835 1363 1882 coe-

192 1937 381 2009 licolarum
410 1937 600 2009 numinum
629 1936 840 2009 habendum
869 1961 957 2022 esse,
984 1935 1068 2008 sine
1091 1936 1165 2008 ulla
1193 1935 1362 2008 dubitati-

193 2087 263 2134 one
308 2061 566 2134 affirmaverim
608 2074 692 2156 post
733 2087 785 2146 ea,
826 2086 922 2154 quae
963 2061 1185 2134 Mannhardt
1225 2061 1361 2132 Preller

194 2189 345 2274 Usener,
386 2187 453 2260 viri
496 2213 653 2283 magnae
693 2212 780 2259 sane
822 2185 1056 2271 auctoritatis,
1098 2187 1145 2258 de
1186 2186 1247 2258 illo
1289 2185 1360 2257 deo
1407 2256 1411 2262 ,
1504 2265 1506 2268 ,

191 2311 327 2407 scripto
343 2313 608 2384 mandaverunt
620 2308 655 2408 ⁴).
671 2312 898 2385 Graecorum
914 2310 1072 2406 denique
1086 2309 1360 2406 superstitiones

191 2436 478 2531 insequentibus
506 2436 585 2509 fuse
613 2449 723 2530 atque
742 2435 893 2532 copiose
906 2449 1171 2532 pertractatum
1186 2435 1257 2506 hoc
1277 2434 1359 2506 loco

191 2560 332 2633 silentio
361 2560 558 2656 praeterire
591 2561 678 2633 mihi
706 2561 838 2633 licebit.

241 2688 381 2771 Restat,
418 2699 459 2758 ut
485 2685 613 2781 paucis
641 2685 815 2782 exemplis
844 2686 1102 2771 demonstrem,
1130 2684 1239 2757 etiam
1260 2684 1359 2779 apud
1459 2784 1461 2787 Ι

190 2812 348 2908 populos
377 2811 571 2884 Semiticos
600 2810 712 2883 moris
741 2810 851 2883 fuisse
879 2835 942 2883 eos
970 2809 1168 2905 praecipue
1182 2810 1281 2895 deos
1295 2809 1359 2903 qui

190 2937 226 3009 in
264 2938 368 3008 coelo
407 2949 608 3032 regnarent,
645 2935 695 3007 in.
718 2935 808 3008 locis
845 2935 951 3007 editis
980 2935 1108 3007 colere.
1145 2934 1229 3027 Qua
1256 2934 1292 3006 in
1321 2959 1360 3006 re

190 3061 364 3157 primario
392 3061 475 3132 foco
504 3060 705 3132 Phoenices
734 3059 946 3132 nominandi
975 3073 1067 3132 sunt.
1083 3059 1148 3131 'Hi
1169 3059 1264 3131 enim
1285 3058 1360 3131 fere

191 3186 362 3259 omnibus
390 3186 425 3258 in
454 3185 528 3258 suis
557 3185 743 3258 montibus
771 3187 842 3258 deo
871 3185 968 3269 Baal,
996 3185 1055 3257 cui
1083 3183 1176 3257 coeli
1195 3183 1358 3280 regimen

190 3325 267 3384 erat
294 3310 480 3396 tributum,
507 3336 612 3384 sacra
640 3310 830 3383 faciebant.
859 3312 919 3382 De
946 3309 1050 3382 cuius
1069 3309 1128 3382 dei
1148 3310 1247 3382 cultu
1266 3309 1357 3381 haec

190 3437 347 3533 legimus
375 3436 474 3532 apud
504 3436 704 3531 Chantepie
732 3436 841 3508 dela
869 3431 1114 3533 Saussaye⁵):y
1141 3434 1250 3508 «Sein
1271 3434 1359 3506 Hei-

189 3561 344 3658 ligthum
373 3561 462 3634 wird
489 3587 580 3657 gem
610 3561 673 3633 auf
701 3561 969 3657 Bergeshohen‘
985 3562 1123 3645 erbaut,
1137 3560 1233 3632 denn
1255 3585 1295 3632 er
1314 3559 1359 3631 ist

229 3770 251 3828 1)
271 3768 312 3815 Fr.
332 3766 456 3824 Schultze,
475 3765 584 3817 Fetisch.
606 3765 664 3827 276.
739 3767 766 3830 2)
784 3766 824 3815 Cf.
844 3781 887 3830 pp.
907 3765 921 3813 8
942 3781 996 3828 sqq.
1069 3766 1095 3827 3)
1114 3765 1154 3816 Cf.
1173 3781 1198 3829 p.
1221 3779 1261 3816 10.

226 3857 254 3919 4)
272 3855 397 3913 Mannh,
416 3856 508 3904 Wald·
536 3873 560 3905 u.
588 3855 678 3905 Feldk.
705 3856 802 3920 11327
832 3871 868 3918 sq.
897 3854 980 3912 Prot,
1010 3855 1044 3902 R.
1064 3855 1101 3901 M.
1113 3856 1132 3904 ³.
1152 3853 1202 3916 368
1223 3870 1259 3918 sq.
1279 3855 1358 3904 Usen.

191 3946 313 4002 Gottern„
335 3958 394 3993 202.

225 4034 356 4083 Vocabula
377 4031 528 4093 „Soranus’‘‚
549 4034 691 4098 „Soracte'',
713 4033 789 4092 „Sol”
809 4050 883 4082 unam
902 4034 1056 4097 eandemque
1076 4035 1177 4098 stirpem
1200 4049 1357 4081 communem

189 4123 281 4174 habere
298 4125 349 4172 veri
368 4123 522 4171 simillimum
541 4130 586 4171 est.

226 4215 251 4277 5)
269 4213 392 4277 Chantep.
413 4213 437 4260 d.
457 4213 474 4262 l.
494 4213 585 4269 Sauss.,
605 4211 696 4260 Lehrb.
717 4212 741 4260 d.
762 4211 846 4274 Relig.
866 4211 949 4274 gesch.
970 4212 983 4259 I
1005 4225 1063 4275 232.
