3090 4942
767 371 813 437 28

255 591 332 661 Ζευς
353 593 537 672 Κορυφαῖος·
562 581 600 653 C.
621 581 645 652 I.
665 582 709 654 G.
729 586 843 672 4458.
864 578 955 652 Bull.
969 578 1016 651 de
1032 578 1132 651 COI'I‘.
1148 575 1274 649 Helii
1293 580 1376 663 308.

253 719 329 788 Ζὲὺς
361 714 506 798 Καραιός.
541 706 703 804 HeSyCh.
730 732 757 780 S.
776 731 808 778 V.
838 709 983 799 Καραιός.
1013 715 1090 784 Ζεὺς
1115 713 1201 793 παρὰ
1225 713 1377 787 Βοιωτοῖς

200 831 281 897 οὕτω
306 833 561 916 προοαμορεύυται
585 834 626 906 ὡς
648 833 703 912 μέυ
727 835 805 908 τινές
829 856 903 916 φασι
927 830 978 893 διὰ
1002 833 1036 892 τὸ
1061 825 1183 911 ὑψηλὸς
1205 822 1291 904 εἶναι,
1312 827 1376 886 ἀπὸ

201 966 256 1016 του
278 954 365 1035 κάρα.
390 942 443 1016 cf.
458 942 562 1014 Phot.
576 968 610 1044 p.
632 951 713 1032 138,
730 945 832 1032 8,ubi
846 954 962 1034 Κάριος
985 937 1119 1036 legitur
1134 935 1254 1009 minus
1269 948 1375 1009 recte.

252 1081 328 1149 Ζευς
351 1078 515 1158 ῑ’·Υιμστος.
555 1068 642 1140 Hoc
671 1095 815 1156 nomen,
843 1093 918 1165 quo
947 1067 1165 1162 plerumque
1179 1060 1376 1157 scriptores

198 1176 358 1279 utuntur,
372 1207 412 1264 ut
426 1192 485 1265 dei
500 1218 710 1289 supremam
726 1195 941 1292 dignitatem
957 1191 1125 1274 indicent
1138 1189 1211 1261 huc
1226 1211 1376 1282 quoque

198 1318 378 1414 pertinere
419 1317 563 1391 videtur
582 1314 616 1418 ¹).
672 1320 823 1416 Optime
863 1303 1052 1416 praeterea
1090 1339 1174 1388 cum
1203 1313 1274 1385 hoc
1302 1312 1374 1384 deo

251 1455 327 1524 Ζευς
350 1452 497 1524 εὝπατος
524 1445 731 1539 comparari
759 1458 881 1541 potest
895 1441 930 1542 2),
949 1440 1008 1516 cui
1028 1441 1064 1512 in
1084 1438 1259 1513 Boeotiae
1278 1461 1375 1510 sum-

198 1603 259 1649 mo
298 1590 422 1650 monte
458 1588 592 1673 ζἹίπάτῳ
629 1580 807 1676 templum
855 1591 933 1651 erat
974 1587 1197 1649 exstructum
1213 1568 1247 1672 ³).
1292 1573 1373 1644 Nec

103 1705 106 1711 ’
198 1729 271 1775 non
299 1703 370 1775 hoc
397 1704 481 1776 loco
510 1704 826 1779 commemorandi
853 1716 955 1777 sunt:
981 1713 1057 1782 Ζεὺς
1077 1706 1286 1791 (naumurum
1305 1701 1375 1785 ῢιμ,

198 1827 297 1910 ὑψόθ’
334 1830 400 1904 ἰών,
435 1829 647 1914 ὑψιβρεμέτης,
683 1830 832 1912 ὑψίζυγος
852 1824 887 1907 4),
923 1825 1082 1910 ὑψιμέδων
1100 1819 1138 1907 5),
1173 1824 1318 1904 ὑφιυεφής
1337 1816 1374 1903 ⁶),

197 1938 245 2011 de
273 1938 407 2033 quibus
437 1939 609 2013 omnibus
639 1942 687 2013 H.
717 1936 905 2038 Usener⁷)
934 1936 1132 2011 rectissime
1146 1934 1236 2007 haec
1252 1934 1374 2005 obser-

196 2063 311 2136 vavit:
343 2065 432 2137 «das
461 2065 547 2138 alles
575 2064 658 2139 sind
686 2067 808 2140 blosse
835 2064 1101 2159 wandelungen
1120 2061 1185 2134 des
1200 2056 1374 2156 begriffes

197 2202 279 2285 gott
307 2189 342 2261 in
371 2191 436 2263 der
465 2191 612 2264 Hohe».

253 2314 389 2387 Mirum
419 2315 530 2413 igitur
567 2342 640 2389 non
678 2330 732 2390 est
770 2315 949 2389 montium
992 2310 1185 2386 cacumina
1221 2306 1373 2382 Graecis

199 2440 386 2535 aptissima
422 2440 500 2515 visa
537 2442 616 2515 esse
653 2443 744 2529 loca,
780 2442 844 2515 ubi
872 2467 953 2515 aras
982 2448 1032 2510 Διί
1063 2447 1321 2510 consecrarent
1335 2430 1375 2531 8).

199 2568 259 2638 De
296 2591 369 2660 qua
406 2592 454 2653 re,
496 2593 591 2662 quae
625 2567 836 2665 Hesychius
864 2567 983 2652 docet,
1010 2588 1122 2659 supra
1149 2584 1373 2634 commemo-

199 2690 359 2764 ravimus
372 2686 407 2789 9).
434 2693 551 2788 Apud
567 2693 731 2766 Eustath.
746 2694 793 2766 ad
805 2694 866 2767 Od
885 2696 901 2768 ξ
918 2716 983 2788 2p.
1005 2710 1113 2781 1747,
1131 2710 1177 2781 59
1198 2685 1373 2782 legimus:

197 2826 274 2895 Zaitc
297 2824 449 2906 ἓπιίκριος,
472 2821 497 2910 ᾧ
521 2825 570 2888 ἐπ’
596 2825 697 2909 ἄκρων
721 2826 813 2909 ὀρίωυ
837 2824 976 2908 ἱδρύοντο
1000 2824 1105 2909 βωμοί.
1136 2813 1184 2885 Et
1199 2810 1235 2883 in
1251 2812 1373 2907 Etym.

198 2941 324 3037 Magn.
342 2966 369 3013 S.
388 2968 421 3014 v.
443 2952 610 3033 Ἐπάκριος
634 2953 718 3024 Ζεύς·
742 2950 817 3013 Ἐπ’
841 2949 936 3032 ἄκρας
958 2951 1016 3030 γὰρ
1041 2972 1104 3011 amu
1127 2971 1204 3029 ορωυ
1232 2943 1372 3027 ιδρυουτο

196 3067 318 3147 βωμοὺς
342 3079 385 3148 τῷ
409 3069 468 3144 Διΐ,
492 3063 555 3130 οίου
579 3080 636 3131 τοῦ
659 3070 840 3151 Ὑμηττίου,
864 3080 920 3130 τοῦ
944 3066 1138 3149 Παρυηθίου.

237 3196 261 3252 1)
289 3194 357 3242 Hinc
375 3195 443 3259 apud
467 3195 618 3243 Pausaniam
639 3195 666 3242 11
695 3195 735 3254 2,8
766 3195 837 3256 Ζεύς
858 3193 984 3255 Χθόνιος
1003 3192 1138 3257 opponitur
1161 3187 1214 3244 Aut
1230 3189 1363 3261 Ὑψίστῳ

197 3282 237 3331 Cf.
256 3282 283 3331 S.
303 3284 390 3341 wide,
411 3283 474 3333 Lak.
494 3283 575 3332 Kulte
597 3297 636 3347 14.

236 3373 260 3433 2)
279 3372 319 3422 Cf.
339 3388 361 3421 e.
381 3390 405 3436 g.
425 3372 546 3437 Aeschyl.
566 3375 658 3436 Agam.
678 3384 709 3437 55
731 3389 769 3437 sq.

233 3458 262 3527 3)
280 3462 353 3510 Paus.
373 3463 416 3510 IX
439 3474 505 3525 19‚3.
524 3463 606 3511 Strab.
626 3463 669 3510 IX
689 3476 749 3525 412.

232 3552 257 3613 4)
275 3552 347 3600 Haec
364 3553 513 3615 cognomina
531 3552 598 3616 apud
617 3553 758 3602 Homerum
777 3555 871 3618 passim
890 3552 990 3617 reperiri
1009 3552 1050 3598 vix
1068 3558 1114 3609 est,
1133 3549 1202 3614 quod
1220 3562 1346 3596 moneam.

233 3641 257 3703 5)
277 3641 384 3692 Hesiod.
404 3641 500 3704 Theog.
521 3652 580 3705 529.

233 3729 259 3792 6)
278 3730 353 3778 Pind.
372 3731 414 3779 Ol.
433 3731 459 3778 V
483 3740 521 3790 17.

234 3819 260 3880 7)
280 3818 315 3868 H.
335 3820 439 3878 Usener,
459 3821 572 3871 Gttttern.
593 3831 635 3884 50.

233 3906 261 3970 8)
289 3908 328 3957 Cf.
356 3910 397 3957 De
416 3908 506 3968 Molin,
527 3910 576 3967 „de
594 3925 636 3957 ara
654 3910 721 3973 apud
740 3906 875 3960 Graec0s”.
894 3910 961 3962 Berl.
987 3909 1095 3957 Dissert.
1118 3904 1184 3968 1884
1203 3922 1246 3971 pp.
1266 3917 1298 3968 33
1319 3919 1373 3969 sqq.

84 4041 87 4048 .
196 3996 281 4044 Etiam
311 3989 385 4064 Διός
413 3999 483 4061 signa
501 4015 681 4064 saepenumero
700 4000 724 4047 in
743 3999 806 4062 iugis
825 4001 946 4048 montium
967 3998 1131 4063 ponebantur.
1151 3996 1191 4045 Cf.
1207 4011 1230 4046 e.
1241 4012 1265 4058 g.
1275 3995 1373 4042 Pausl

172 4115 174 4121 v
198 4098 267 4150 3²‚2·
291 4084 322 4140 ἑν
355 4087 485 4162 Ὑμηττῷ
515 4085 630 4162 ἄγαλμά
662 4085 746 4142 ium
781 4090 939 4160 Ὑμηττίου
971 4087 1044 4150 Διός
1083 4094 1108 4136 et
1134 4086 1209 4150 paulo
1237 4093 1294 4150 post
1323 4085 1372 4137 καὶ

199 4170 360 4248 ’.ίγχεσμὸς
391 4170 456 4247 ὅρος
484 4171 564 4231 ἐστίν
596 4172 629 4228 οὐ
646 4173 718 4249 μέγα
741 4173 786 4230 καὶ
808 4172 882 4237 Διὸς
903 4173 1017 4251 ἄγαλμα
1037 4177 1225 4254 Ἀγχεσμίου.
1244 4175 1285 4224 cf.
1304 4185 1373 4239 prae·

198 4271 262 4315 terea
281 4264 357 4314 Paus.
376 4263 419 4313 IX
441 4275 508 4329 19‚3.
528 4261 598 4326 41,6.
652 4266 677 4325 9)
697 4264 734 4313 cf.
753 4278 811 4330 pag.
833 4273 875 4326 27.
