3090 4942
747 353 794 438 85

183 561 290 658 origo
324 561 442 634 cultus
474 561 630 633 deorum
669 560 705 632 in
740 558 830 632 locis
857 558 964 632 editis
992 560 1092 655 apud
1121 561 1285 634 Graecos
1312 562 1361 633 ad

182 698 310 781 gentes
339 683 531 759 Semiticas
559 686 683 761 referri
698 684 832 782 possit;
853 708 985 756 vereor
997 683 1174 779 profecto,
1188 710 1234 757 ne
1248 684 1358 758 talem

182 809 397 883 sententiam
424 808 455 882 si
483 809 736 897 defendamus,
766 808 971 881 incidamus
1000 807 1035 879 in
1063 808 1231 883 vitiosam
1261 809 1359 882 illam

183 933 408 1019 methodum,
448 958 561 1029 supra
597 961 620 1008 a
661 961 721 1009 me
763 933 1019 1028 improbatam,
1062 959 1136 1028 qua
1167 933 1234 1006 viri
1261 935 1362 1008 docti

183 1083 294 1153 saepe
321 1083 374 1143 ea,
401 1083 497 1152 quae
525 1084 547 1131 a
574 1062 803 1135 Graecorum
832 1051 1000 1130 ‘moribus
1027 1058 1139 1152 paulo
1163 1059 1364 1133 abhorrere
1409 1085 1413 1093 ’

183 1180 361 1267 videntur,
384 1182 505 1255 statim
530 1185 578 1256 ad
600 1184 767 1280 exempla
788 1181 962 1256 Semitica
985 1206 1159 1255 revocare
1174 1197 1363 1256 conantur.

237 1307 299 1378 Ne
326 1332 492 1380 summus
521 1308 670 1403 quidem
701 1300 942 1405 mythologus
971 1306 1213 1380 Germanicus
1233 1309 1363 1380 Mann-
1424 1320 1427 1326 ’

183 1431 292 1502 hardt
319 1430 447 1503 falsam
489 1433 584 1505 hanc
612 1432 875 1528 interpretandi
905 1431 1082 1503 rationem
1112 1431 1244 1505 vitasse
1272 1432 1361 1504 mihi

100 1583 103 1588 ·
184 1554 337 1640 videtur,
383 1556 520 1652 quippe
566 1557 629 1652 qui
670 1557 779 1630 etiam
822 1569 1073 1652 pervetustum
1117 1570 1189 1638 Διὸς
1217 1567 1361 1627 Λυκαίου

185 1680 322 1751 cultum
361 1679 540 1776 originem
578 1708 600 1753 a
637 1681 884 1754 Phoenicibus
921 1681 1072 1753 traxisse
1099 1693 1252 1776 putaret
1282 1681 1362 1751 Hu-

186 1829 295 1875 mana
335 1804 430 1876 enim
473 1805 534 1877 illa
573 1806 761 1891 sacrificia,
804 1806 851 1877 de
893 1805 1026 1899 quibus
1069 1830 1181 1901 supra
1193 1800 1219 1902 1)
1248 1803 1363 1877 fusius

187 1928 256 2024 egi,
280 1955 391 2023 quam
417 1930 574 2002 maxime
599 1956 621 2002 a
640 1932 868 2003 Graecorum
885 1929 1048 2001 moribus
1062 1928 1231 2025 genuinis
1246 1929 1364 2001 aliena

187 2051 298 2125 fuisse
333 2054 525 2149 perhibuit,
554 2055 806 2149 quamobrem,
835 2053 1002 2147 quamvis
1030 2053 1249 2143 dubitanter,
1280 2078 1364 2126 con-

188 2177 278 2263 iecit,
306 2178 509 2251 Phoenices
536 2180 647 2252 deum
676 2204 784 2252 suum
817 2178 906 2249 »Er’
929 2179 977 2250 ad
1000 2179 1167 2250 Arcades
1181 2192 1364 2273 transpor-

145 2367 150 2375 .
187 2303 320 2374 tavisse
338 2300 372 2399 ²).
401 2303 513 2375 Cuius
541 2317 662 2376 autem
678 2302 744 2374 viri
764 2303 864 2374 docti
882 2302 1068 2389 sententia,
1087 2327 1197 2396 quam
1217 2303 1329 2398 longe
1342 2329 1366 2374 a

188 2426 337 2505 veritate
362 2428 464 2513 absit,
488 2427 593 2500 facile
620 2441 797 2523 agnoscet
821 2427 1043 2521 quicumque
1066 2440 1103 2499 et
1126 2441 1197 2510 Διὸς
1220 2440 1365 2499 Λυκαίου

189 2566 224 2623 et
266 2551 419 2622 aliorum
462 2553 615 2624 deorum
655 2553 690 2622 in
729 2552 914 2623 montibus
952 2552 1133 2624 cultorum
1161 2552 1364 2647 peculiares

189 2676 437 2761 caerimonias,
466 2676 591 2770 quales
620 2690 740 2749 essent
767 2676 879 2771 paulo
908 2676 1113 2749 accuratius
1141 2702 1266 2750 secum
1286 2703 1366 2773 per-

188 2801 364 2896 penderit.
406 2803 446 2872 In
478 2800 727 2896 superioribus
756 2801 851 2873 enim
881 2801 1047 2896 pluribus
1075 2802 1250 2897 exemplis
1277 2803 1364 2875 satis

188 2926 309 2998 lucide
342 2926 544 2999 ostendisse
573 2926 660 2997 mihi
688 2925 825 3011 videor,
853 2926 888 2997 in
917 2927 1168 2999 vetustissimis
1196 2927 1264 3000 illis
1293 2928 1366 2999 cul-

190 3052 287 3124 tibus
329 3051 366 3123 id
408 3052 528 3146 ipsum
570 3051 712 3147 insigne
754 3063 864 3145 atque
904 3051 1064 3123 notabile
1101 3050 1220 3137 fuisse,
1263 3053 1364 3145 quod

191 3175 369 3248 sacrificia
400 3176 561 3247 humana
590 3176 661 3247 deo
690 3175 972 3247 immolarentur.
1000 3175 1143 3267 Quibus
1171 3176 1218 3247 de
1246 3177 1366 3248 causis

192 3300 438 3371 Mannhardtii
475 3299 689 3372 sententiam
719 3300 963 3393 respuendam
997 3325 1078 3372 esse
1106 3324 1255 3383 censeo;
1285 3325 1368 3372 mea

192 3437 319 3494 contra
355 3423 450 3495 facio
477 3426 590 3495 verba
618 3423 877 3518 anthropologi
905 3424 1065 3496 Andrew
1086 3425 1201 3519 Lang,
1229 3425 1290 3519 qui
1320 3425 1368 3496 de

192 3546 320 3639 priscis
349 3549 576 3619 Graecorum
607 3548 734 3619 ritibus
757 3546 1059 3642 caerimoniisque
1074 3561 1110 3619 et
1128 3548 1198 3620 alia
1217 3549 1368 3644 cognitu

233 3762 255 3818 ι)
274 3759 313 3807 Cf.
332 3775 375 3823 pp.
395 3771 429 3821 30
448 3774 503 3822 sqq.

230 3852 253 3907 2)
273 3848 319 3898 W.
338 3847 452 3905 Mannh„
472 3850 535 3896 Ant.
554 3847 643 3896 Wald-
663 3863 688 3896 u.
707 3845 797 3896 Feldk.
817 3846 845 3893 11
865 3858 915 3910 342
937 3848 1168 3911 „Mbglicherweise
1181 3849 1241 3913 liegt
1253 3849 1313 3908 hier,
1327 3851 1369 3898 bei

193 3937 243 3984 den
270 3936 365 4000 Lykaia
384 3938 424 3985 ein
445 3936 501 3983 Fall
521 3935 683 3985 historischer
702 3934 867 3996 Entlehnung
888 3952 940 3994 vor,
959 3938 1044 3985 indem
1063 3937 1104 3984 die
1124 3938 1250 3987 Hellenen
1269 3941 1318 3987 den
1336 3955 1368 3986 an

193 4026 251 4073 dem
262 4025 438 4074 Arkadischen
457 4025 598 4088 Berggipsel
617 4023 731 4087 geknttpi
733 4030 774 4070 ten
793 4023 860 4070 Kult
879 4024 946 4073 einer
956 4026 1051 4073 nralten
1061 4025 1248 4076 Phdnikischen
1257 4027 1370 4076 Kolonie

192 4114 246 4162 sich
261 4114 408 4177 angeeignet
421 4115 473 4163 und
490 4114 641 4176 fortgesetzt,
656 4112 707 4161 und
721 4112 797 4159 deren
807 4111 951 4175 Hauptgott
960 4114 992 4161 El
1003 4115 1027 4162 in
1038 4114 1079 4162 die
1088 4115 1243 4165 erhabenene
1253 4116 1372 4179 Majestiit

195 4205 240 4252 des
260 4206 323 4252 Zeus
343 4205 504 4267 umgedeutet
523 4202 629 4251 haben.”
