<?xml version="1.0" encoding="UTF-8"?>
<!DOCTYPE html PUBLIC "-//W3C//DTD XHTML 1.0 Transitional//EN"
    "http://www.w3.org/TR/xhtml1/DTD/xhtml1-transitional.dtd">
<html xmlns="http://www.w3.org/1999/xhtml" xml:lang="en" lang="en">
 <head>
  <title>
</title>
<meta http-equiv="Content-Type" content="text/html;charset=utf-8" />
  <meta name='ocr-system' content='tesseract 3.04.00' />
  <meta name='ocr-capabilities' content='ocr_page ocr_carea ocr_par ocr_line ocrx_word'/>
</head>
<body>
  <div class='ocr_page' id='page_1' title='image "./dediisinlocised00albegoog_0081.png"; bbox 0 0 3106 4942; ppageno 0'>
   <div class='ocr_carea' id='block_1_1' title="bbox 769 360 816 443">
    <p class='ocr_par' dir='ltr' id='par_1_1' title="bbox 769 360 816 443">
     <span class='ocr_line' id='line_1_1' title="bbox 769 360 816 443; baseline 0 0"><span class='ocrx_word' id='word_1_1' title='bbox 769 360 816 443; x_wconf 78' lang='lat'>67</span> 
     </span>
    </p>
   </div>
   <div class='ocr_carea' id='block_1_2' title="bbox 147 568 1383 3292">
    <p class='ocr_par' dir='ltr' id='par_1_2' title="bbox 206 568 1380 1292">
     <span class='ocr_line' id='line_1_2' title="bbox 206 568 1377 655; baseline -0.001 -12"><span class='ocrx_word' id='word_1_2' title='bbox 206 568 299 644; x_wconf 91' lang='lat' dir='ltr'>sicut</span> <span class='ocrx_word' id='word_1_3' title='bbox 339 569 417 643; x_wconf 90' lang='lat' dir='ltr'>eius</span> <span class='ocrx_word' id='word_1_4' title='bbox 459 582 610 642; x_wconf 91' lang='lat' dir='ltr'>naturae</span> <span class='ocrx_word' id='word_1_5' title='bbox 651 581 937 641; x_wconf 89' lang='lat' dir='ltr'>consentaneum</span> <span class='ocrx_word' id='word_1_6' title='bbox 981 582 1066 655; x_wconf 87' lang='lat' dir='ltr'>erat,</span> <span class='ocrx_word' id='word_1_7' title='bbox 1107 568 1377 642; x_wconf 90' lang='lat' dir='ltr'>venerationem</span> 
     </span>
     <span class='ocr_line' id='line_1_3' title="bbox 206 692 1379 789; baseline -0.002 -20"><span class='ocrx_word' id='word_1_8' title='bbox 206 709 410 770; x_wconf 87' lang='lat' dir='ltr'>assecutam</span> <span class='ocrx_word' id='word_1_9' title='bbox 454 720 542 768; x_wconf 91' lang='lat' dir='ltr'>esse.</span> <span class='ocrx_word' id='word_1_10' title='bbox 590 696 701 768; x_wconf 93' lang='lat' dir='ltr'>Nunc</span> <span class='ocrx_word' id='word_1_11' title='bbox 743 692 1028 780; x_wconf 83' lang='lat' dir='ltr'>consideremus,</span> <span class='ocrx_word' id='word_1_12' title='bbox 1061 694 1150 789; x_wconf 92' lang='lat' dir='ltr'>quid</span> <span class='ocrx_word' id='word_1_13' title='bbox 1177 694 1246 767; x_wconf 88' lang='lat' dir='ltr'>hac</span> <span class='ocrx_word' id='word_1_14' title='bbox 1276 693 1311 766; x_wconf 90' lang='lat' dir='ltr'>in</span> <span class='ocrx_word' id='word_1_15' title='bbox 1341 720 1379 768; x_wconf 93' lang='lat' dir='ltr'>re</span> 
     </span>
     <span class='ocr_line' id='line_1_4' title="bbox 206 818 1380 914; baseline 0 -22"><span class='ocrx_word' id='word_1_16' title='bbox 206 821 477 894; x_wconf 90' lang='lat' dir='ltr'>observandum</span> <span class='ocrx_word' id='word_1_17' title='bbox 516 819 563 893; x_wconf 89' lang='lat' dir='ltr'>sit</span> <span class='ocrx_word' id='word_1_18' title='bbox 589 821 637 893; x_wconf 91' lang='lat' dir='ltr'>de</span> <span class='ocrx_word' id='word_1_19' title='bbox 665 818 805 891; x_wconf 82' lang='lat' dir='ltr'><strong>deabus</strong></span> <span class='ocrx_word' id='word_1_20' title='bbox 834 818 1150 914; x_wconf 91' lang='lat' dir='ltr'>semideabusque,</span> <span class='ocrx_word' id='word_1_21' title='bbox 1179 845 1274 914; x_wconf 89' lang='lat' dir='ltr'>quae</span> <span class='ocrx_word' id='word_1_22' title='bbox 1302 833 1380 892; x_wconf 90' lang='lat' dir='ltr'>arta</span> 
     </span>
     <span class='ocr_line' id='line_1_5' title="bbox 206 944 1379 1042; baseline 0 -24"><span class='ocrx_word' id='word_1_23' title='bbox 206 947 365 1041; x_wconf 91' lang='lat' dir='ltr'>quadam</span> <span class='ocrx_word' id='word_1_24' title='bbox 409 944 682 1042; x_wconf 83' lang='lat' dir='ltr'>propinquitate</span> <span class='ocrx_word' id='word_1_25' title='bbox 724 968 808 1018; x_wconf 93' lang='lat' dir='ltr'>cum</span> <span class='ocrx_word' id='word_1_26' title='bbox 832 951 992 1036; x_wconf 76' lang='grc' dir='ltr'>Ἀρτέμιδι</span> <span class='ocrx_word' id='word_1_27' title='bbox 1016 957 1118 1017; x_wconf 88' lang='lat' dir='ltr'>erant</span> <span class='ocrx_word' id='word_1_28' title='bbox 1154 944 1379 1018; x_wconf 88' lang='lat' dir='ltr'>coniunctae.</span> 
     </span>
     <span class='ocr_line' id='line_1_6' title="bbox 211 1070 1379 1169; baseline 0.001 -27"><span class='ocrx_word' id='word_1_29' title='bbox 211 1071 267 1142; x_wconf 90' lang='lat' dir='ltr'>Ea</span> <span class='ocrx_word' id='word_1_30' title='bbox 309 1083 430 1143; x_wconf 91' lang='lat' dir='ltr'>autem</span> <span class='ocrx_word' id='word_1_31' title='bbox 473 1084 513 1142; x_wconf 92' lang='lat' dir='ltr'>ut</span> <span class='ocrx_word' id='word_1_32' title='bbox 555 1071 683 1144; x_wconf 84' lang='lat' dir='ltr'>ordine</span> <span class='ocrx_word' id='word_1_33' title='bbox 711 1097 901 1169; x_wconf 87' lang='lat' dir='ltr'>exponem,</span> <span class='ocrx_word' id='word_1_34' title='bbox 938 1095 1062 1142; x_wconf 92' lang='lat' dir='ltr'>rursus</span> <span class='ocrx_word' id='word_1_35' title='bbox 1094 1070 1142 1142; x_wconf 95' lang='lat' dir='ltr'>ad</span> <span class='ocrx_word' id='word_1_36' title='bbox 1170 1070 1379 1156; x_wconf 83' lang='lat' dir='ltr'>Arcadiam,</span> 
     </span>
     <span class='ocr_line' id='line_1_7' title="bbox 207 1195 1286 1292; baseline 0.001 -25"><span class='ocrx_word' id='word_1_37' title='bbox 207 1203 389 1287; x_wconf 76' lang='grc' dir='ltr'><strong><em>Ἀρτέμιδος</em></strong></span> <span class='ocrx_word' id='word_1_38' title='bbox 412 1195 570 1268; x_wconf 91' lang='lat' dir='ltr'>cultibus</span> <span class='ocrx_word' id='word_1_39' title='bbox 600 1196 862 1270; x_wconf 83' lang='lat' dir='ltr'>nobilissimam</span> <span class='ocrx_word' id='word_1_40' title='bbox 892 1195 1090 1292; x_wconf 84' lang='lat' dir='ltr'>regionem,</span> <span class='ocrx_word' id='word_1_41' title='bbox 1119 1208 1286 1268; x_wconf 88' lang='lat' dir='ltr'>revertar.</span> 
     </span>
    </p>

    <p class='ocr_par' dir='ltr' id='par_1_3' title="bbox 147 1319 1381 2543">
     <span class='ocr_line' id='line_1_8' title="bbox 260 1319 1380 1416; baseline 0.002 -25"><span class='ocrx_word' id='word_1_42' title='bbox 260 1321 301 1391; x_wconf 94' lang='lat' dir='ltr'>In</span> <span class='ocrx_word' id='word_1_43' title='bbox 329 1319 490 1392; x_wconf 90' lang='lat' dir='ltr'>Arcadia</span> <span class='ocrx_word' id='word_1_44' title='bbox 518 1321 655 1416; x_wconf 90' lang='lat' dir='ltr'>ubique</span> <span class='ocrx_word' id='word_1_45' title='bbox 683 1322 718 1394; x_wconf 86' lang='lat' dir='ltr'>in</span> <span class='ocrx_word' id='word_1_46' title='bbox 746 1323 837 1395; x_wconf 93' lang='lat' dir='ltr'>locis</span> <span class='ocrx_word' id='word_1_47' title='bbox 856 1319 1069 1394; x_wconf 88' lang='lat' dir='ltr'>editioribus</span> <span class='ocrx_word' id='word_1_48' title='bbox 1093 1327 1262 1392; x_wconf 77' lang='grc' dir='ltr'><em>Καλλιστώ</em></span> <span class='ocrx_word' id='word_1_49' title='bbox 1287 1322 1380 1393; x_wconf 92' lang='lat' dir='ltr'>cole-</span> 
     </span>
     <span class='ocr_line' id='line_1_9' title="bbox 179 1444 1378 1544; baseline 0.003 -29"><span class='ocrx_word' id='word_1_50' title='bbox 179 1484 180 1487; x_wconf 35' lang='lat'><em>*</em></span> <span class='ocrx_word' id='word_1_51' title='bbox 208 1445 325 1516; x_wconf 91' lang='lat' dir='ltr'>batur.</span> <span class='ocrx_word' id='word_1_52' title='bbox 349 1444 454 1536; x_wconf 79' lang='lat' dir='ltr'>Quae</span> <span class='ocrx_word' id='word_1_53' title='bbox 473 1446 636 1543; x_wconf 85' lang='lat' dir='ltr'>nympha</span> <span class='ocrx_word' id='word_1_54' title='bbox 664 1472 685 1519; x_wconf 97' lang='lat' dir='ltr'>e</span> <span class='ocrx_word' id='word_1_55' title='bbox 709 1458 758 1518; x_wconf 75' lang='grc' dir='ltr'>Διί</span> <span class='ocrx_word' id='word_1_56' title='bbox 780 1460 884 1544; x_wconf 89' lang='lat' dir='ltr'>patre</span> <span class='ocrx_word' id='word_1_57' title='bbox 897 1447 1092 1531; x_wconf 91' lang='lat' dir='ltr'>Arcadem,</span> <span class='ocrx_word' id='word_1_58' title='bbox 1107 1445 1378 1542; x_wconf 81' lang='lat' dir='ltr'>progenitorem</span> 
     </span>
     <span class='ocr_line' id='line_1_10' title="bbox 207 1569 1380 1668; baseline 0.003 -28"><span class='ocrx_word' id='word_1_59' title='bbox 207 1569 391 1642; x_wconf 80' lang='lat' dir='ltr'>Arcadiae</span> <span class='ocrx_word' id='word_1_60' title='bbox 423 1569 688 1668; x_wconf 85' lang='lat' dir='ltr'>indigenarum,</span> <span class='ocrx_word' id='word_1_61' title='bbox 716 1571 816 1646; x_wconf 87' lang='lat' dir='ltr'>enisa</span> <span class='ocrx_word' id='word_1_62' title='bbox 853 1597 932 1645; x_wconf 90' lang='lat' dir='ltr'>esse</span> <span class='ocrx_word' id='word_1_63' title='bbox 961 1571 1162 1656; x_wconf 81' lang='lat' dir='ltr'>ferebatur;</span> <span class='ocrx_word' id='word_1_64' title='bbox 1190 1597 1300 1666; x_wconf 88' lang='lat' dir='ltr'>quam</span> <span class='ocrx_word' id='word_1_65' title='bbox 1330 1573 1380 1643; x_wconf 92' lang='lat' dir='ltr'>ob</span> 
     </span>
     <span class='ocr_line' id='line_1_11' title="bbox 208 1693 1378 1786; baseline 0.003 -21"><span class='ocrx_word' id='word_1_66' title='bbox 208 1719 284 1765; x_wconf 93' lang='lat' dir='ltr'>rem</span> <span class='ocrx_word' id='word_1_67' title='bbox 327 1693 507 1768; x_wconf 89' lang='lat' dir='ltr'>invidiosa</span> <span class='ocrx_word' id='word_1_68' title='bbox 540 1705 628 1786; x_wconf 72' lang='grc' dir='ltr'>εἨροε</span> <span class='ocrx_word' id='word_1_69' title='bbox 666 1722 746 1769; x_wconf 92' lang='lat' dir='ltr'>eam</span> <span class='ocrx_word' id='word_1_70' title='bbox 794 1697 829 1769; x_wconf 92' lang='lat' dir='ltr'>in</span> <span class='ocrx_word' id='word_1_71' title='bbox 858 1722 979 1769; x_wconf 92' lang='lat' dir='ltr'>ursam</span> <span class='ocrx_word' id='word_1_72' title='bbox 1022 1696 1194 1781; x_wconf 90' lang='lat' dir='ltr'>vertisset,</span> <span class='ocrx_word' id='word_1_73' title='bbox 1231 1707 1307 1778; x_wconf 65' lang='grc' dir='ltr'>Ζεύς</span> <span class='ocrx_word' id='word_1_74' title='bbox 1344 1696 1378 1768; x_wconf 89' lang='lat' dir='ltr'>in</span> 
     </span>
     <span class='ocr_line' id='line_1_12' title="bbox 147 1818 1381 1919; baseline 0.004 -30"><span class='ocrx_word' id='word_1_75' title='bbox 147 1903 148 1906; x_wconf 8' lang='grc' dir='ltr'><strong>Ἴ</strong></span> <span class='ocrx_word' id='word_1_76' title='bbox 207 1818 367 1890; x_wconf 91' lang='lat' dir='ltr'>siderum</span> <span class='ocrx_word' id='word_1_77' title='bbox 393 1845 586 1893; x_wconf 92' lang='lat' dir='ltr'>numerum</span> <span class='ocrx_word' id='word_1_78' title='bbox 624 1847 704 1894; x_wconf 89' lang='lat' dir='ltr'>eam</span> <span class='ocrx_word' id='word_1_79' title='bbox 741 1821 935 1895; x_wconf 86' lang='lat' dir='ltr'>ascivisset.</span> <span class='ocrx_word' id='word_1_80' title='bbox 978 1823 1037 1894; x_wconf 92' lang='lat' dir='ltr'>De</span> <span class='ocrx_word' id='word_1_81' title='bbox 1065 1820 1169 1894; x_wconf 93' lang='lat' dir='ltr'>cuius</span> <span class='ocrx_word' id='word_1_82' title='bbox 1197 1821 1381 1919; x_wconf 89' lang='lat' dir='ltr'>nymphae</span> 
     </span>
     <span class='ocr_line' id='line_1_13' title="bbox 208 1945 1380 2043; baseline 0.002 -28"><span class='ocrx_word' id='word_1_83' title='bbox 208 1968 294 2015; x_wconf 92' lang='lat' dir='ltr'>vera</span> <span class='ocrx_word' id='word_1_84' title='bbox 322 1968 365 2016; x_wconf 92' lang='lat' dir='ltr'>ac</span> <span class='ocrx_word' id='word_1_85' title='bbox 393 1945 543 2041; x_wconf 89' lang='lat' dir='ltr'>propria</span> <span class='ocrx_word' id='word_1_86' title='bbox 570 1945 840 2042; x_wconf 82' lang='lat' dir='ltr'>significatione</span> <span class='ocrx_word' id='word_1_87' title='bbox 868 1947 927 2019; x_wconf 91' lang='lat' dir='ltr'>alii</span> <span class='ocrx_word' id='word_1_88' title='bbox 951 1946 1021 2019; x_wconf 91' lang='lat' dir='ltr'>alia</span> <span class='ocrx_word' id='word_1_89' title='bbox 1035 1947 1280 2043; x_wconf 90' lang='lat' dir='ltr'>protulerunt;</span> <span class='ocrx_word' id='word_1_90' title='bbox 1308 1945 1380 2018; x_wconf 91' lang='lat' dir='ltr'>hoc</span> 
     </span>
     <span class='ocr_line' id='line_1_14' title="bbox 209 2070 1380 2167; baseline 0.003 -28"><span class='ocrx_word' id='word_1_91' title='bbox 209 2082 332 2140; x_wconf 91' lang='lat' dir='ltr'>autem</span> <span class='ocrx_word' id='word_1_92' title='bbox 375 2082 460 2164; x_wconf 88' lang='lat' dir='ltr'>post</span> <span class='ocrx_word' id='word_1_93' title='bbox 500 2070 538 2144; x_wconf 90' lang='lat' dir='ltr'>C.</span> <span class='ocrx_word' id='word_1_94' title='bbox 580 2071 624 2145; x_wconf 92' lang='lat' dir='ltr'>O.</span> <span class='ocrx_word' id='word_1_95' title='bbox 660 2073 878 2144; x_wconf 87' lang='lat' dir='ltr'>Muellerum</span> <span class='ocrx_word' id='word_1_96' title='bbox 909 2071 1000 2143; x_wconf 90' lang='lat' dir='ltr'>inter</span> <span class='ocrx_word' id='word_1_97' title='bbox 1029 2096 1156 2144; x_wconf 91' lang='lat' dir='ltr'>omnes</span> <span class='ocrx_word' id='word_1_98' title='bbox 1184 2096 1252 2167; x_wconf 93' lang='lat' dir='ltr'>pro</span> <span class='ocrx_word' id='word_1_99' title='bbox 1281 2084 1380 2143; x_wconf 90' lang='lat' dir='ltr'>certo</span> 
     </span>
     <span class='ocr_line' id='line_1_15' title="bbox 209 2193 1381 2291; baseline 0.003 -27"><span class='ocrx_word' id='word_1_100' title='bbox 209 2205 359 2279; x_wconf 84' lang='lat' dir='ltr'>constat,</span> <span class='ocrx_word' id='word_1_101' title='bbox 387 2193 535 2267; x_wconf 83' lang='lat' dir='ltr'>Callisto</span> <span class='ocrx_word' id='word_1_102' title='bbox 563 2195 720 2291; x_wconf 85' lang='lat' dir='ltr'>priscam</span> <span class='ocrx_word' id='word_1_103' title='bbox 752 2195 862 2270; x_wconf 85' lang='lat' dir='ltr'>luisse</span> <span class='ocrx_word' id='word_1_104' title='bbox 891 2197 998 2268; x_wconf 91' lang='lat' dir='ltr'>deam</span> <span class='ocrx_word' id='word_1_105' title='bbox 1027 2195 1258 2281; x_wconf 89' lang='lat' dir='ltr'>Arcadicam‚</span> <span class='ocrx_word' id='word_1_106' title='bbox 1287 2221 1381 2289; x_wconf 91' lang='lat' dir='ltr'>quae</span> 
     </span>
     <span class='ocr_line' id='line_1_16' title="bbox 212 2316 1380 2417; baseline 0.003 -29"><span class='ocrx_word' id='word_1_107' title='bbox 212 2316 394 2390; x_wconf 91' lang='lat' dir='ltr'>Artemidi</span> <span class='ocrx_word' id='word_1_108' title='bbox 422 2330 613 2416; x_wconf 92' lang='lat' dir='ltr'>tantopere</span> <span class='ocrx_word' id='word_1_109' title='bbox 641 2320 839 2394; x_wconf 89' lang='lat' dir='ltr'>consimilis</span> <span class='ocrx_word' id='word_1_110' title='bbox 866 2335 969 2406; x_wconf 77' lang='lat' dir='ltr'>esset,</span> <span class='ocrx_word' id='word_1_111' title='bbox 997 2335 1037 2393; x_wconf 88' lang='lat' dir='ltr'>ut</span> <span class='ocrx_word' id='word_1_112' title='bbox 1064 2320 1208 2416; x_wconf 91' lang='lat' dir='ltr'>saepius</span> <span class='ocrx_word' id='word_1_113' title='bbox 1223 2346 1291 2417; x_wconf 90' lang='lat' dir='ltr'>pro</span> <span class='ocrx_word' id='word_1_114' title='bbox 1307 2346 1380 2392; x_wconf 92' lang='lat' dir='ltr'>uno</span> 
     </span>
     <span class='ocr_line' id='line_1_17' title="bbox 210 2442 1142 2543; baseline 0.003 -29"><span class='ocrx_word' id='word_1_115' title='bbox 210 2444 416 2536; x_wconf 90' lang='lat' dir='ltr'>eodemque</span> <span class='ocrx_word' id='word_1_116' title='bbox 444 2443 592 2518; x_wconf 87' lang='lat' dir='ltr'>numine</span> <span class='ocrx_word' id='word_1_117' title='bbox 619 2459 774 2541; x_wconf 92' lang='lat' dir='ltr'>utraque</span> <span class='ocrx_word' id='word_1_118' title='bbox 802 2447 873 2519; x_wconf 91' lang='lat' dir='ltr'>dea</span> <span class='ocrx_word' id='word_1_119' title='bbox 899 2446 1102 2518; x_wconf 88' lang='lat' dir='ltr'>haberetur.</span> <span class='ocrx_word' id='word_1_120' title='bbox 1117 2442 1142 2543; x_wconf 84' lang='grc'>1)</span> 
     </span>
    </p>

    <p class='ocr_par' dir='ltr' id='par_1_4' title="bbox 210 2565 1382 2916">
     <span class='ocr_line' id='line_1_18' title="bbox 264 2565 1381 2667; baseline 0.004 -30"><span class='ocrx_word' id='word_1_121' title='bbox 264 2565 386 2638; x_wconf 89' lang='lat' dir='ltr'>Etiam</span> <span class='ocrx_word' id='word_1_122' title='bbox 411 2574 582 2662; x_wconf 78' lang='grc' dir='ltr'><em>Καλλίστη,</em></span> <span class='ocrx_word' id='word_1_123' title='bbox 606 2570 664 2642; x_wconf 92' lang='lat' dir='ltr'>cui</span> <span class='ocrx_word' id='word_1_124' title='bbox 692 2595 810 2667; x_wconf 91' lang='lat' dir='ltr'>prope</span> <span class='ocrx_word' id='word_1_125' title='bbox 837 2571 1053 2643; x_wconf 90' lang='lat' dir='ltr'>Tricolonas</span> <span class='ocrx_word' id='word_1_126' title='bbox 1082 2570 1117 2642; x_wconf 90' lang='lat' dir='ltr'>in</span> <span class='ocrx_word' id='word_1_127' title='bbox 1142 2595 1288 2642; x_wconf 90' lang='lat' dir='ltr'>summo</span> <span class='ocrx_word' id='word_1_128' title='bbox 1304 2571 1381 2644; x_wconf 89' lang='lat' dir='ltr'>Cal-</span> 
     </span>
     <span class='ocr_line' id='line_1_19' title="bbox 210 2692 1382 2780; baseline 0.003 -15"><span class='ocrx_word' id='word_1_129' title='bbox 210 2692 313 2765; x_wconf 89' lang='lat' dir='ltr'>listus</span> <span class='ocrx_word' id='word_1_130' title='bbox 359 2693 499 2764; x_wconf 89' lang='lat' dir='ltr'>tumulo</span> <span class='ocrx_word' id='word_1_131' title='bbox 541 2695 651 2768; x_wconf 89' lang='lat' dir='ltr'>aedes</span> <span class='ocrx_word' id='word_1_132' title='bbox 693 2709 770 2767; x_wconf 88' lang='lat' dir='ltr'>erat</span> <span class='ocrx_word' id='word_1_133' title='bbox 810 2707 1032 2780; x_wconf 91' lang='lat' dir='ltr'>consecrata,</span> <span class='ocrx_word' id='word_1_134' title='bbox 1073 2694 1129 2767; x_wconf 86' lang='lat' dir='ltr'>his</span> <span class='ocrx_word' id='word_1_135' title='bbox 1172 2694 1382 2768; x_wconf 87' lang='lat' dir='ltr'>numinibus</span> 
     </span>
     <span class='ocr_line' id='line_1_20' title="bbox 212 2814 698 2916; baseline 0.006 -27"><span class='ocrx_word' id='word_1_136' title='bbox 212 2814 378 2914; x_wconf 87' lang='lat' dir='ltr'>proxime</span> <span class='ocrx_word' id='word_1_137' title='bbox 408 2831 568 2914; x_wconf 90' lang='lat' dir='ltr'>cognata</span> <span class='ocrx_word' id='word_1_138' title='bbox 595 2833 659 2892; x_wconf 90' lang='lat' dir='ltr'>est.</span> <span class='ocrx_word' id='word_1_139' title='bbox 672 2816 698 2916; x_wconf 71' lang='lat'>²)</span> 
     </span>
    </p>

    <p class='ocr_par' dir='ltr' id='par_1_5' title="bbox 210 2944 1383 3292">
     <span class='ocr_line' id='line_1_21' title="bbox 265 2944 1382 3042; baseline 0 -26"><span class='ocrx_word' id='word_1_140' title='bbox 265 2944 346 3016; x_wconf 90' lang='lat' dir='ltr'>Nec</span> <span class='ocrx_word' id='word_1_141' title='bbox 380 2968 453 3015; x_wconf 93' lang='lat' dir='ltr'>non</span> <span class='ocrx_word' id='word_1_142' title='bbox 496 2944 668 3019; x_wconf 89' lang='lat' dir='ltr'>Atalante</span> <span class='ocrx_word' id='word_1_143' title='bbox 709 2944 880 3042; x_wconf 88' lang='lat' dir='ltr'>nympha,</span> <span class='ocrx_word' id='word_1_144' title='bbox 922 2969 1017 3039; x_wconf 91' lang='lat' dir='ltr'>quae</span> <span class='ocrx_word' id='word_1_145' title='bbox 1058 2945 1170 3016; x_wconf 91' lang='lat' dir='ltr'>saltus</span> <span class='ocrx_word' id='word_1_146' title='bbox 1198 2944 1382 3017; x_wconf 89' lang='lat' dir='ltr'>Parthenii</span> 
     </span>
     <span class='ocr_line' id='line_1_22' title="bbox 210 3068 1383 3166; baseline 0.001 -26"><span class='ocrx_word' id='word_1_147' title='bbox 210 3068 343 3141; x_wconf 90' lang='lat' dir='ltr'>montis</span> <span class='ocrx_word' id='word_1_148' title='bbox 370 3069 538 3141; x_wconf 91' lang='lat' dir='ltr'>venando</span> <span class='ocrx_word' id='word_1_149' title='bbox 566 3093 763 3166; x_wconf 88' lang='lat' dir='ltr'>peragrare</span> <span class='ocrx_word' id='word_1_150' title='bbox 790 3069 988 3154; x_wconf 91' lang='lat' dir='ltr'>dicebatur,</span> <span class='ocrx_word' id='word_1_151' title='bbox 1002 3082 1079 3141; x_wconf 91' lang='lat' dir='ltr'>arte</span> <span class='ocrx_word' id='word_1_152' title='bbox 1093 3094 1177 3141; x_wconf 94' lang='lat' dir='ltr'>cum</span> <span class='ocrx_word' id='word_1_153' title='bbox 1193 3069 1383 3141; x_wconf 89' lang='lat' dir='ltr'>Artemide</span> 
     </span>
     <span class='ocr_line' id='line_1_23' title="bbox 211 3189 625 3292; baseline 0.002 -28"><span class='ocrx_word' id='word_1_154' title='bbox 211 3193 406 3266; x_wconf 92' lang='lat' dir='ltr'>cohaerere</span> <span class='ocrx_word' id='word_1_155' title='bbox 434 3189 625 3292; x_wconf 72' lang='lat' dir='ltr'>videtur.³)</span> 
     </span>
    </p>
   </div>
   <div class='ocr_carea' id='block_1_3' title="bbox 211 3333 1382 3754">
    <p class='ocr_par' dir='ltr' id='par_1_6' title="bbox 211 3333 1382 3754">
     <span class='ocr_line' id='line_1_24' title="bbox 250 3333 1382 3400; baseline 0.001 -18"><span class='ocrx_word' id='word_1_156' title='bbox 250 3336 274 3399; x_wconf 79' lang='lat'>1)</span> <span class='ocrx_word' id='word_1_157' title='bbox 293 3336 321 3384; x_wconf 94' lang='lat' dir='ltr'>C.</span> <span class='ocrx_word' id='word_1_158' title='bbox 333 3336 364 3384; x_wconf 91' lang='lat' dir='ltr'>O.</span> <span class='ocrx_word' id='word_1_159' title='bbox 375 3335 463 3387; x_wconf 90' lang='lat' dir='ltr'>Muell.</span> <span class='ocrx_word' id='word_1_160' title='bbox 484 3337 544 3383; x_wconf 91' lang='lat' dir='ltr'>Dor.</span> <span class='ocrx_word' id='word_1_161' title='bbox 555 3337 568 3382; x_wconf 92' lang='lat' dir='ltr'>I</span> <span class='ocrx_word' id='word_1_162' title='bbox 581 3346 629 3397; x_wconf 85' lang='lat'>272</span> <span class='ocrx_word' id='word_1_163' title='bbox 640 3353 678 3400; x_wconf 92' lang='lat' dir='ltr'>sq.</span> <span class='ocrx_word' id='word_1_164' title='bbox 698 3336 782 3394; x_wconf 80' lang='lat' dir='ltr'>„Proh</span> <span class='ocrx_word' id='word_1_165' title='bbox 794 3353 815 3386; x_wconf 90' lang='lat' dir='ltr'>z.</span> <span class='ocrx_word' id='word_1_166' title='bbox 826 3336 873 3384; x_wconf 89' lang='lat' dir='ltr'>ein.</span> <span class='ocrx_word' id='word_1_167' title='bbox 885 3335 951 3384; x_wconf 88' lang='lat' dir='ltr'>wiss.</span> <span class='ocrx_word' id='word_1_168' title='bbox 964 3333 1063 3398; x_wconf 88' lang='lat' dir='ltr'>Myth.&#39;&#39;</span> <span class='ocrx_word' id='word_1_169' title='bbox 1078 3347 1137 3397; x_wconf 86' lang='lat'>73——</span> <span class='ocrx_word' id='word_1_170' title='bbox 1148 3334 1187 3394; x_wconf 82' lang='lat'>76.</span> <span class='ocrx_word' id='word_1_171' title='bbox 1208 3335 1247 3382; x_wconf 83' lang='lat' dir='ltr'>Cf.</span> <span class='ocrx_word' id='word_1_172' title='bbox 1258 3344 1382 3399; x_wconf 85' lang='lat' dir='ltr'>praeterea</span> 
     </span>
     <span class='ocr_line' id='line_1_25' title="bbox 215 3423 1382 3489; baseline 0.003 -20"><span class='ocrx_word' id='word_1_173' title='bbox 215 3423 371 3474; x_wconf 87' lang='lat' dir='ltr'>Prell-Rob.</span> <span class='ocrx_word' id='word_1_174' title='bbox 391 3425 434 3475; x_wconf 86' lang='lat' dir='ltr'>Gr.</span> <span class='ocrx_word' id='word_1_175' title='bbox 454 3424 661 3488; x_wconf 71' lang='lat' dir='ltr'>Myth.⁴1‚304</span> <span class='ocrx_word' id='word_1_176' title='bbox 680 3441 718 3489; x_wconf 92' lang='lat' dir='ltr'>sq.</span> <span class='ocrx_word' id='word_1_177' title='bbox 740 3426 772 3475; x_wconf 90' lang='lat' dir='ltr'>E.</span> <span class='ocrx_word' id='word_1_178' title='bbox 791 3426 885 3489; x_wconf 88' lang='lat' dir='ltr'>Meyer,</span> <span class='ocrx_word' id='word_1_179' title='bbox 905 3423 1009 3471; x_wconf 89' lang='lat' dir='ltr'>Forsch.</span> <span class='ocrx_word' id='word_1_180' title='bbox 1030 3440 1051 3472; x_wconf 89' lang='lat' dir='ltr'>z.</span> <span class='ocrx_word' id='word_1_181' title='bbox 1070 3423 1113 3473; x_wconf 88' lang='lat' dir='ltr'>alt.</span> <span class='ocrx_word' id='word_1_182' title='bbox 1133 3423 1223 3472; x_wconf 84' lang='lat' dir='ltr'>Gesch.</span> <span class='ocrx_word' id='word_1_183' title='bbox 1243 3425 1255 3471; x_wconf 93' lang='lat' dir='ltr'>I</span> <span class='ocrx_word' id='word_1_184' title='bbox 1275 3424 1305 3472; x_wconf 82' lang='lat'>61</span> <span class='ocrx_word' id='word_1_185' title='bbox 1328 3441 1382 3488; x_wconf 85' lang='lat' dir='ltr'>sqq.</span> 
     </span>
     <span class='ocr_line' id='line_1_26' title="bbox 213 3511 1382 3580; baseline 0.002 -21"><span class='ocrx_word' id='word_1_186' title='bbox 213 3513 326 3562; x_wconf 88' lang='lat' dir='ltr'>Andrew</span> <span class='ocrx_word' id='word_1_187' title='bbox 354 3515 425 3577; x_wconf 83' lang='lat' dir='ltr'>Lang</span> <span class='ocrx_word' id='word_1_188' title='bbox 453 3511 540 3580; x_wconf 85' lang='lat' dir='ltr'>(Myth</span> <span class='ocrx_word' id='word_1_189' title='bbox 571 3516 610 3562; x_wconf 91' lang='lat' dir='ltr'>rit.</span> <span class='ocrx_word' id='word_1_190' title='bbox 637 3531 658 3562; x_wconf 89' lang='lat' dir='ltr'>a.</span> <span class='ocrx_word' id='word_1_191' title='bbox 687 3515 730 3563; x_wconf 77' lang='lat' dir='ltr'>rel,</span> <span class='ocrx_word' id='word_1_192' title='bbox 759 3515 786 3562; x_wconf 89' lang='lat' dir='ltr'>II</span> <span class='ocrx_word' id='word_1_193' title='bbox 816 3527 862 3561; x_wconf 86' lang='lat'>211</span> <span class='ocrx_word' id='word_1_194' title='bbox 885 3514 960 3576; x_wconf 85' lang='lat' dir='ltr'>sqq),</span> <span class='ocrx_word' id='word_1_195' title='bbox 987 3514 1027 3560; x_wconf 92' lang='lat' dir='ltr'>cui</span> <span class='ocrx_word' id='word_1_196' title='bbox 1045 3513 1076 3562; x_wconf 90' lang='lat' dir='ltr'>L.</span> <span class='ocrx_word' id='word_1_197' title='bbox 1096 3514 1131 3561; x_wconf 90' lang='lat' dir='ltr'>R.</span> <span class='ocrx_word' id='word_1_198' title='bbox 1151 3513 1250 3561; x_wconf 89' lang='lat' dir='ltr'>Farnell</span> <span class='ocrx_word' id='word_1_199' title='bbox 1268 3529 1382 3561; x_wconf 83' lang='lat' dir='ltr'>assensus</span> 
     </span>
     <span class='ocr_line' id='line_1_27' title="bbox 211 3599 1382 3668; baseline 0.002 -19"><span class='ocrx_word' id='word_1_200' title='bbox 211 3611 249 3650; x_wconf 86' lang='lat' dir='ltr'>est</span> <span class='ocrx_word' id='word_1_201' title='bbox 277 3599 361 3668; x_wconf 81' lang='lat' dir='ltr'>(Cults</span> <span class='ocrx_word' id='word_1_202' title='bbox 388 3604 418 3650; x_wconf 85' lang='lat' dir='ltr'>os</span> <span class='ocrx_word' id='word_1_203' title='bbox 442 3602 484 3652; x_wconf 88' lang='lat' dir='ltr'>the</span> <span class='ocrx_word' id='word_1_204' title='bbox 508 3605 552 3652; x_wconf 87' lang='lat' dir='ltr'>Gr.</span> <span class='ocrx_word' id='word_1_205' title='bbox 570 3603 608 3652; x_wconf 89' lang='lat' dir='ltr'>St.</span> <span class='ocrx_word' id='word_1_206' title='bbox 627 3605 654 3651; x_wconf 94' lang='lat' dir='ltr'>II</span> <span class='ocrx_word' id='word_1_207' title='bbox 673 3616 723 3667; x_wconf 83' lang='grc'>433</span> <span class='ocrx_word' id='word_1_208' title='bbox 744 3620 798 3668; x_wconf 91' lang='lat' dir='ltr'>sqq.</span> <span class='ocrx_word' id='word_1_209' title='bbox 819 3605 869 3666; x_wconf 81' lang='lat'>564</span> <span class='ocrx_word' id='word_1_210' title='bbox 888 3604 953 3666; x_wconf 89' lang='lat' dir='ltr'>sqq.)</span> <span class='ocrx_word' id='word_1_211' title='bbox 972 3603 997 3648; x_wconf 91' lang='lat' dir='ltr'>in</span> <span class='ocrx_word' id='word_1_212' title='bbox 1016 3600 1089 3649; x_wconf 88' lang='lat' dir='ltr'>huius</span> <span class='ocrx_word' id='word_1_213' title='bbox 1112 3603 1221 3650; x_wconf 87' lang='lat' dir='ltr'>numinis</span> <span class='ocrx_word' id='word_1_214' title='bbox 1234 3603 1301 3652; x_wconf 89' lang='lat' dir='ltr'>cultu</span> <span class='ocrx_word' id='word_1_215' title='bbox 1320 3610 1382 3653; x_wconf 93' lang='lat' dir='ltr'>tote-</span> 
     </span>
     <span class='ocr_line' id='line_1_28' title="bbox 211 3691 1382 3754; baseline 0.002 -16"><span class='ocrx_word' id='word_1_216' title='bbox 211 3691 294 3738; x_wconf 88' lang='lat' dir='ltr'>mismi</span> <span class='ocrx_word' id='word_1_217' title='bbox 322 3693 425 3754; x_wconf 86' lang='lat' dir='ltr'>vestigia</span> <span class='ocrx_word' id='word_1_218' title='bbox 453 3692 576 3754; x_wconf 86' lang='lat' dir='ltr'>detegisse</span> <span class='ocrx_word' id='word_1_219' title='bbox 605 3692 653 3740; x_wconf 88' lang='lat' dir='ltr'>sibi</span> <span class='ocrx_word' id='word_1_220' title='bbox 680 3693 804 3741; x_wconf 88' lang='lat' dir='ltr'>videntur.</span> <span class='ocrx_word' id='word_1_221' title='bbox 833 3693 914 3739; x_wconf 85' lang='lat' dir='ltr'>Deam</span> <span class='ocrx_word' id='word_1_222' title='bbox 943 3706 1041 3754; x_wconf 87' lang='lat' dir='ltr'>nempe,</span> <span class='ocrx_word' id='word_1_223' title='bbox 1071 3707 1136 3754; x_wconf 89' lang='lat' dir='ltr'>quae</span> <span class='ocrx_word' id='word_1_224' title='bbox 1155 3693 1180 3739; x_wconf 91' lang='lat' dir='ltr'>in</span> <span class='ocrx_word' id='word_1_225' title='bbox 1199 3708 1281 3740; x_wconf 90' lang='lat' dir='ltr'>ursam</span> <span class='ocrx_word' id='word_1_226' title='bbox 1306 3702 1382 3741; x_wconf 86' lang='lat' dir='ltr'>trans-</span> 
     </span>
    </p>
   </div>
   <div class='ocr_carea' id='block_1_4' title="bbox 210 3780 1409 4294">
    <p class='ocr_par' dir='ltr' id='par_1_7' title="bbox 210 3780 1409 4294">
     <span class='ocr_line' id='line_1_29' title="bbox 211 3780 1383 3845; baseline 0.003 -19"><span class='ocrx_word' id='word_1_227' title='bbox 211 3781 336 3836; x_wconf 77' lang='lat' dir='ltr'>formetur,</span> <span class='ocrx_word' id='word_1_228' title='bbox 365 3781 425 3828; x_wconf 91' lang='lat' dir='ltr'>olim</span> <span class='ocrx_word' id='word_1_229' title='bbox 453 3781 500 3829; x_wconf 91' lang='lat' dir='ltr'>sub</span> <span class='ocrx_word' id='word_1_230' title='bbox 527 3781 640 3829; x_wconf 88' lang='lat' dir='ltr'>animalis</span> <span class='ocrx_word' id='word_1_231' title='bbox 660 3783 742 3845; x_wconf 86' lang='lat' dir='ltr'>specie</span> <span class='ocrx_word' id='word_1_232' title='bbox 761 3782 851 3829; x_wconf 87' lang='lat' dir='ltr'>cultam</span> <span class='ocrx_word' id='word_1_233' title='bbox 870 3780 947 3828; x_wconf 83' lang='lat' dir='ltr'>luisse</span> <span class='ocrx_word' id='word_1_234' title='bbox 964 3791 1108 3844; x_wconf 87' lang='lat' dir='ltr'>persuasum</span> <span class='ocrx_word' id='word_1_235' title='bbox 1128 3781 1156 3827; x_wconf 89' lang='lat' dir='ltr'>iis</span> <span class='ocrx_word' id='word_1_236' title='bbox 1176 3789 1228 3838; x_wconf 87' lang='lat' dir='ltr'>est;</span> <span class='ocrx_word' id='word_1_237' title='bbox 1257 3782 1383 3845; x_wconf 89' lang='lat' dir='ltr'>adquam</span> 
     </span>
     <span class='ocr_line' id='line_1_30' title="bbox 210 3867 1383 3943; baseline 0.006 -27"><span class='ocrx_word' id='word_1_238' title='bbox 210 3871 357 3918; x_wconf 87' lang='lat' dir='ltr'>senteutiam</span> <span class='ocrx_word' id='word_1_239' title='bbox 376 3869 524 3918; x_wconf 87' lang='lat' dir='ltr'>firmandam</span> <span class='ocrx_word' id='word_1_240' title='bbox 543 3869 648 3918; x_wconf 85' lang='lat' dir='ltr'>afferunt</span> <span class='ocrx_word' id='word_1_241' title='bbox 666 3871 759 3919; x_wconf 85' lang='lat' dir='ltr'>cultum</span> <span class='ocrx_word' id='word_1_242' title='bbox 779 3867 951 3943; x_wconf 74' lang='grc' dir='ltr'><strong><em>Ἀρτέμιδος</em></strong></span> <span class='ocrx_word' id='word_1_243' title='bbox 965 3872 1160 3942; x_wconf 72' lang='grc' dir='ltr'><strong><em>Βραυρωνίας.</em></strong></span> <span class='ocrx_word' id='word_1_244' title='bbox 1184 3871 1383 3934; x_wconf 71' lang='lat' dir='ltr'>quaedeahaud</span> 
     </span>
     <span class='ocr_line' id='line_1_31' title="bbox 211 3963 1383 4028; baseline 0 -17"><span class='ocrx_word' id='word_1_245' title='bbox 211 3963 287 4011; x_wconf 87' lang='lat' dir='ltr'>dubie</span> <span class='ocrx_word' id='word_1_246' title='bbox 305 3963 442 4028; x_wconf 89' lang='lat' dir='ltr'>antiquitus</span> <span class='ocrx_word' id='word_1_247' title='bbox 461 3964 507 4012; x_wconf 92' lang='lat' dir='ltr'>sub</span> <span class='ocrx_word' id='word_1_248' title='bbox 526 3980 597 4013; x_wconf 88' lang='lat' dir='ltr'>ursae</span> <span class='ocrx_word' id='word_1_249' title='bbox 617 3965 696 4013; x_wconf 85' lang='lat' dir='ltr'>forma</span> <span class='ocrx_word' id='word_1_250' title='bbox 714 3965 867 4013; x_wconf 83' lang='lat' dir='ltr'>venerationi</span> <span class='ocrx_word' id='word_1_251' title='bbox 885 3965 939 4014; x_wconf 84' lang='lat' dir='ltr'>luit.</span> <span class='ocrx_word' id='word_1_252' title='bbox 959 3966 1059 4013; x_wconf 90' lang='lat' dir='ltr'>Vereor</span> <span class='ocrx_word' id='word_1_253' title='bbox 1077 3973 1211 4025; x_wconf 85' lang='lat' dir='ltr'>autem,ne</span> <span class='ocrx_word' id='word_1_254' title='bbox 1224 3965 1297 4012; x_wconf 89' lang='lat' dir='ltr'>nimis</span> <span class='ocrx_word' id='word_1_255' title='bbox 1310 3965 1383 4027; x_wconf 85' lang='lat' dir='ltr'>longe</span> 
     </span>
     <span class='ocr_line' id='line_1_32' title="bbox 211 4050 1382 4117; baseline 0.001 -18"><span class='ocrx_word' id='word_1_256' title='bbox 211 4050 272 4100; x_wconf 87' lang='lat' dir='ltr'>haec</span> <span class='ocrx_word' id='word_1_257' title='bbox 291 4054 374 4100; x_wconf 86' lang='lat' dir='ltr'>omnia</span> <span class='ocrx_word' id='word_1_258' title='bbox 382 4062 502 4117; x_wconf 87' lang='lat' dir='ltr'>repetant,</span> <span class='ocrx_word' id='word_1_259' title='bbox 520 4069 582 4101; x_wconf 90' lang='lat' dir='ltr'>neve</span> <span class='ocrx_word' id='word_1_260' title='bbox 592 4053 662 4117; x_wconf 89' lang='lat' dir='ltr'>plura</span> <span class='ocrx_word' id='word_1_261' title='bbox 672 4054 830 4112; x_wconf 85' lang='lat' dir='ltr'>contendant,</span> <span class='ocrx_word' id='word_1_262' title='bbox 842 4069 917 4116; x_wconf 88' lang='lat' dir='ltr'>quam</span> <span class='ocrx_word' id='word_1_263' title='bbox 928 4054 1000 4101; x_wconf 87' lang='lat' dir='ltr'>certis</span> <span class='ocrx_word' id='word_1_264' title='bbox 1009 4053 1160 4115; x_wconf 85' lang='lat' dir='ltr'>argumentis</span> <span class='ocrx_word' id='word_1_265' title='bbox 1170 4052 1285 4101; x_wconf 85' lang='lat' dir='ltr'>affirmari</span> <span class='ocrx_word' id='word_1_266' title='bbox 1295 4054 1382 4116; x_wconf 90' lang='lat' dir='ltr'>possit.</span> 
     </span>
     <span class='ocr_line' id='line_1_33' title="bbox 249 4142 936 4206; baseline 0.006 -18"><span class='ocrx_word' id='word_1_267' title='bbox 249 4143 273 4201; x_wconf 88' lang='lat'>2)</span> <span class='ocrx_word' id='word_1_268' title='bbox 292 4142 332 4188; x_wconf 88' lang='lat' dir='ltr'>De</span> <span class='ocrx_word' id='word_1_269' title='bbox 351 4158 400 4205; x_wconf 88' lang='lat' dir='ltr'>qua</span> <span class='ocrx_word' id='word_1_270' title='bbox 418 4157 445 4190; x_wconf 92' lang='lat' dir='ltr'>re</span> <span class='ocrx_word' id='word_1_271' title='bbox 463 4143 494 4189; x_wconf 89' lang='lat' dir='ltr'>cf.</span> <span class='ocrx_word' id='word_1_272' title='bbox 515 4143 551 4191; x_wconf 89' lang='lat' dir='ltr'>H.</span> <span class='ocrx_word' id='word_1_273' title='bbox 574 4142 679 4199; x_wconf 90' lang='lat' dir='ltr'>Usener,</span> <span class='ocrx_word' id='word_1_274' title='bbox 700 4142 742 4192; x_wconf 85' lang='lat' dir='ltr'>Gr.</span> <span class='ocrx_word' id='word_1_275' title='bbox 762 4142 874 4191; x_wconf 79' lang='lat' dir='ltr'>Gdttem.</span> <span class='ocrx_word' id='word_1_276' title='bbox 895 4152 936 4206; x_wconf 79' lang='grc'>33.</span> 
     </span>
     <span class='ocr_line' id='line_1_34' title="bbox 252 4225 1409 4294; baseline -0.002 -15"><span class='ocrx_word' id='word_1_277' title='bbox 252 4231 280 4292; x_wconf 93' lang='grc'>3)</span> <span class='ocrx_word' id='word_1_278' title='bbox 300 4231 340 4279; x_wconf 88' lang='lat' dir='ltr'>Cf.</span> <span class='ocrx_word' id='word_1_279' title='bbox 367 4230 524 4279; x_wconf 91' lang='lat' dir='ltr'>Prell.-R0b.</span> <span class='ocrx_word' id='word_1_280' title='bbox 554 4231 596 4279; x_wconf 85' lang='lat' dir='ltr'>Gr.</span> <span class='ocrx_word' id='word_1_281' title='bbox 625 4231 683 4278; x_wconf 80' lang='lat' dir='ltr'>M.⁴</span> <span class='ocrx_word' id='word_1_282' title='bbox 708 4232 720 4278; x_wconf 96' lang='lat' dir='ltr'>I</span> <span class='ocrx_word' id='word_1_283' title='bbox 740 4243 789 4294; x_wconf 88' lang='lat'>305</span> <span class='ocrx_word' id='word_1_284' title='bbox 811 4231 901 4290; x_wconf 87' lang='lat' dir='ltr'>„Auch</span> <span class='ocrx_word' id='word_1_285' title='bbox 919 4233 960 4279; x_wconf 92' lang='lat' dir='ltr'>die</span> <span class='ocrx_word' id='word_1_286' title='bbox 979 4232 1164 4294; x_wconf 85' lang='lat' dir='ltr'>vorzugsweise</span> <span class='ocrx_word' id='word_1_287' title='bbox 1182 4233 1225 4279; x_wconf 85' lang='lat' dir='ltr'>auf</span> <span class='ocrx_word' id='word_1_288' title='bbox 1242 4231 1300 4278; x_wconf 89' lang='lat' dir='ltr'>dem</span> <span class='ocrx_word' id='word_1_289' title='bbox 1319 4230 1383 4293; x_wconf 85' lang='lat' dir='ltr'>Berg</span> <span class='ocrx_word' id='word_1_290' title='bbox 1407 4225 1409 4229; x_wconf 47' lang='lat'><em>⁴</em></span> 
     </span>
    </p>
   </div>
   <div class='ocr_carea' id='block_1_5' title="bbox 0 0 1563 4942">
    <p class='ocr_par' dir='ltr' id='par_1_8' title="bbox 0 0 1563 4942">
     <span class='ocr_line' id='line_1_35' title="bbox 0 0 1563 4942; baseline 0 0"><span class='ocrx_word' id='word_1_291' title='bbox 0 0 1563 4942; x_wconf 95' lang='lat' dir='ltr'> </span> 
     </span>
    </p>
   </div>
  </div>
 </body>
</html>
