3106 4942
754 370 796 440 15

187 567 269 639 loco
298 578 439 637 tantum
469 563 506 636 id
535 588 648 635 unum
679 564 913 634 observatum
934 559 1052 646 velim,
1068 559 1148 633 illos
1162 559 1360 657 praecipue

189 704 339 776 monteS,
367 688 430 784 qui
460 689 544 761 inde
572 713 594 761 a
622 685 873 760 remotissimis
888 685 1116 781 temporibus
1131 686 1217 758 culti
1232 701 1361 771 essent,

188 815 274 911 quia
308 814 431 887 letissa
457 815 685 897 haberentur,
713 824 776 883 aut
804 809 891 905 quia
918 810 1052 883 montis
1078 810 1209 907 genius
1237 809 1360 884 nescio

188 939 270 1035 quis
298 939 333 1010 in
362 964 406 1011 eo
436 938 552 1011 inesse
566 951 763 1034 putaretur,
778 961 905 1008 omnes
921 937 970 1008 ob
985 935 1022 1008 id
1035 935 1165 1031 ipsum,
1180 936 1281 1031 quod
1295 960 1362 1030 per

188 1065 340 1160 longum
370 1089 501 1136 aevum
526 1063 754 1136 sanctitatem
771 1061 956 1156 quandam
973 1060 1045 1133 iam
1062 1060 1217 1134 assecuti
1232 1074 1361 1145 essent,

189 1214 300 1283 quarn
330 1188 488 1261 maxime
516 1202 623 1284 aptos
651 1187 783 1271 fuisse,
800 1186 861 1281 qui
891 1185 995 1258 adiis
1010 1185 1208 1282 superioris
1223 1185 1361 1257 ordinis

190 1328 466 1409 occuparentur,
492 1312 706 1408 praesertim
736 1313 783 1384 ab
812 1311 855 1383 iis
883 1311 961 1396 diis,
980 1311 1042 1405 qui
1058 1311 1094 1383 in
1108 1336 1254 1384 summa
1268 1310 1360 1382 coeli

190 1438 378 1511 altitudine
418 1438 585 1511 habitare
626 1436 926 1510 existimarentur.
973 1437 1073 1508 Nam
1102 1436 1296 1509 coelicolas
1325 1435 1360 1507 in

191 1563 376 1636 montibus
404 1563 619 1648 celsissimis,
648 1587 780 1658 nempe
808 1561 843 1633 in
872 1560 924 1647 iis,
943 1561 1006 1655 qui
1023 1586 1139 1655 usque
1153 1561 1200 1632 ad
1215 1560 1359 1632 coelum

191 1687 311 1783 ipsum
341 1689 534 1761 cacumina
561 1688 688 1760 tollere
716 1686 943 1771 videbantur,
957 1686 1190 1781 potissimum
1215 1710 1361 1758 venera-

190 1813 298 1885 tionis
325 1814 431 1886 sedes
458 1813 638 1898 habuisse,
657 1812 695 1884 id
710 1825 746 1884 et
759 1837 825 1906 per
838 1837 878 1884 se
893 1810 1112 1907 intellegitur
1126 1824 1161 1883 et
1175 1811 1360 1883 variorum

190 1938 412 2034 populorum
436 1938 594 2010 cultibus
622 1938 893 2033 comprobatur.

244 2063 305 2136 Sic
347 2064 447 2159 apud
489 2063 600 2136 Indos
640 2062 838 2158 praecipue
867 2062 976 2133 lndra
1004 2060 1183 2132 montium
1213 2086 1361 2155 praeses

146 2274 151 2281 ι
191 2187 394 2260 habebatur
418 2185 451 2286 ¹).
492 2188 565 2280 Qui
607 2188 698 2259 deus
739 2186 906 2282 proxime
947 2185 1089 2257 accedit
1131 2187 1359 2258 Graecorum

192 2325 241 2384 Λιὶ
265 2323 407 2407 Ὀμβρίῳ.
433 2312 565 2386 Graeci
602 2312 709 2398 enim,
746 2326 786 2383 ut
814 2337 992 2406 aquarum
1022 2310 1233 2383 coelestium
1263 2336 1361 2383 com-

191 2452 296 2533 potes
321 2437 456 2523 fierent,
485 2448 534 2506 Λιὶ
557 2447 690 2531 Ὀμβρίῳ
718 2463 783 2532 per
810 2436 948 2509 hostias
966 2435 1173 2531 supplicare
1187 2436 1362 2520 solebant,

193 2562 272 2634 indi
302 2576 422 2635 autern
452 2563 598 2634 Indram
629 2562 739 2634 deum
769 2561 934 2657 pluvium
976 2561 1169 2646 habebant,
1202 2560 1260 2632 cui
1291 2561 1361 2632 deo

192 2712 343 2760 succum
369 2688 553 2782 quendam
574 2686 748 2773 divinum,
768 2685 831 2781 qui
851 2711 957 2758 soma
975 2685 1166 2758 dicebatur
1186 2685 1323 2779 quique
1343 2711 1363 2758 e

192 2812 314 2885 herbis
342 2812 377 2884 in
407 2811 585 2884 montium
615 2811 867 2884 cacuminibus
895 2810 1142 2883 crescentibus
1156 2811 1363 2904 parabatur,

193 2936 356 3010 libabant
374 2934 408 3032 2).

246 3062 366 3135 Persis
403 3087 483 3135 mos
511 3075 596 3147 erat,
633 3074 672 3133 ut
700 3061 735 3133 in
770 3061 949 3133 montium
978 3059 1231 3133 cacuminibus
1258 3084 1363 3133 sacra

194 3185 354 3259 iacerent
382 3200 491 3282 atque
519 3186 662 3258 coelum
693 3186 887 3258 adorarent
914 3199 1102 3280 tamquam
1124 3186 1246 3256 deum.
1276 3186 1362 3256 Hoc

193 3313 321 3385 saltem
363 3338 406 3385 ex
450 3311 634 3384 Herodoti
676 3311 796 3384 verbis
838 3310 978 3397 efficio,
1020 3310 1082 3406 qui
1123 3310 1192 3383 hac
1235 3311 1282 3382 de
1323 3334 1362 3382 re

193 3436 284 3510 haec
316 3437 427 3510 habet
440 3433 482 3534 ³):
515 3448 542 3507 ol
567 3444 597 3506 δὲ
620 3444 765 3527 (Πέρσαι)
789 3444 940 3525 νομίζουσι
965 3448 1014 3506 Διὶ
1033 3444 1088 3523 μὲν
1111 3441 1161 3504 iul
1183 3445 1223 3504 τὰ
1239 3440 1364 3525 ὑψηλό-

197 3586 280 3622 τατα
304 3575 367 3625 τῶν
398 3562 490 3644 ὀρέων
523 3563 750 3645 ἀναβαίνοντες,
778 3562 890 3633 θυσίας
920 3557 1023 3642 ἕρδειν,
1047 3564 1101 3622 τὸν
1125 3558 1236 3622 κύκλον
1257 3561 1365 3622 πάντα

195 3692 251 3742 τοῦ
274 3683 406 3763 οὐρανοῦ
429 3682 489 3743 Δία
512 3677 678 3751 καλέοντες.
718 3670 862 3763 Quibus
889 3669 1011 3743 Verbis
1039 3668 1138 3742 nisus
1162 3670 1262 3742 haud
1285 3668 1364 3742 Sine

194 3795 354 3869 veritatis
386 3796 509 3892 specie
538 3798 594 3868 Fr.
623 3796 780 3870 Schulze
807 3794 992 3890 perhibuit
1020 3796 1149 3867 Persas
1179 3793 1363 3866 Herodoti

195 3934 312 3993 aetate
331 3923 378 3994 ad
397 3947 582 3994 summum
599 3920 780 3994 letissismi
794 3921 952 4016 gradum
968 3919 1184 4016 pervenisse,
1203 3945 1364 4004 «vienn»,

235 4132 260 4204 1)
278 4136 317 4185 Cf.
337 4137 526 4199 H.Oldenberg‚
546 4136 596 4185 Die
615 4135 675 4184 Rel.
696 4135 739 4184 des
758 4134 832 4183 Veda
852 4150 878 4198 p.
898 4145 939 4198 51.
1036 4134 1060 4197 2)
1080 4133 1119 4184 Cf.
1138 4133 1204 4183 Ibid.
1227 4131 1283 4193 178.
1303 4142 1363 4195 459.

232 4227 258 4288 3)
274 4225 372 4284 Herod,
392 4226 405 4273 I
428 4238 485 4288 131.
504 4226 628 4274 Herodoti
647 4225 722 4273 verba
741 4225 868 4288 exscripsit
886 4223 977 4272 Strabo
996 4224 1053 4272 XV
1073 4232 1134 4286 732.
