3090 4942
753 367 801 433 39

187 555 371 651 elegerint,
404 556 439 648 ip
469 556 603 651 quibus
629 568 679 627 Διί
703 568 790 654 urzig»
814 557 890 631 sive
914 570 1026 655 ὀμβρίῳ
1050 573 1297 654 precarentur,
1325 575 1365 634 ut

189 680 323 753 imbres
360 680 525 766 mitteret,
562 681 597 753 in
636 682 771 777 quibus
798 682 883 756 huic
911 683 982 756 deo
1012 709 1093 757 aras
1121 697 1302 758 struerent
1330 699 1366 758 et

188 806 324 901 templa
352 806 588 879 aedificarent
611 804 643 906 ¹).

241 930 400 1004 Pertinet
440 931 512 1003 huc
553 931 704 1005 historia
745 932 792 1006 (le
830 945 896 1028 irprp
939 954 995 1004 τοῦ
1028 938 1247 1024 Πανελληνίου
1283 945 1363 1021 Διὸς,

95 1076 97 1080 ·
188 1057 289 1151 quod
331 1057 478 1129 Aeacus
519 1081 666 1130 summo
705 1057 740 1128 in
779 1057 948 1154 Aeginae
977 1069 1101 1129 monte
1129 1057 1364 1130 Panhellenio

187 1180 396 1254 condidisse
438 1181 621 1255 ferebatur
638 1179 673 1281 2).
711 1184 943 1256 Narrabatur
980 1181 1088 1267 enim,
1117 1181 1213 1267 olim,
1248 1209 1362 1277 quum

113 1312 115 1318 “
188 1305 360 1378 diuturna
387 1305 548 1379 siccitate
577 1307 734 1381 Graecia
762 1308 954 1393 laboraret,
982 1307 1123 1404 legatos
1148 1332 1192 1379 ex
1210 1307 1363 1404 singulis

188 1430 366 1504 Graeciae
395 1431 548 1506 urbibus
576 1433 760 1528 supplices
788 1433 921 1506 adiisse
947 1435 1125 1517 Aeacum,
1154 1432 1217 1528 qui
1245 1435 1293 1505 ab
1319 1459 1364 1506 eo

189 1569 360 1651 peterent,
401 1569 441 1628 ut
482 1558 697 1631 calamitatis
725 1558 1021 1654 deprecationem
1050 1557 1260 1653 susciperet.
1303 1559 1365 1631 llle

188 1680 330 1765 deinde,
357 1707 503 1754 summo
533 1682 567 1754 in
598 1697 721 1756 monte
750 1682 984 1756 Panhellenio
999 1683 1111 1756 sacris
1127 1683 1193 1755 rite
1208 1684 1364 1778 peractis

188 1818 224 1878 et
251 1806 345 1879 votis
374 1807 601 1904 nuncupatis,
630 1835 651 1881 a
679 1810 750 1882 deo
776 1809 1027 1904 impetravisse
1042 1808 1183 1894 dicitur,
1198 1822 1238 1881 ut
1252 1810 1364 1882 Grae-

188 1930 245 2002 cia
273 1956 397 2005 rursus
425 1932 598 2005 imbrium
628 1959 783 2031 compos
812 1934 923 2007 lieret.
952 1935 992 2005 ln
1021 1933 1125 2006 cuius
1155 1933 1205 2006 rei
1227 1958 1364 2006 memo-

189 2055 279 2127 riam
307 2056 511 2153 Aeginetae
538 2083 685 2131 summo
713 2059 749 2130 in
779 2073 903 2131 monte
919 2057 1217 2130 Panhelleniostit
1233 2059 1362 2131 aedem

186 2180 473 2255 aedificaverunt
501 2197 537 2255 et
563 2208 668 2257 sacra
695 2184 935 2257 instituerunt.

240 2288 333 2361 Cum
377 2290 447 2362 hoc
485 2303 557 2371 Διὸς
593 2298 809 2382 Πανελληνίου
846 2292 955 2376 cultu,
997 2303 1088 2363 teste
1125 2290 1306 2363 Pausania
1328 2287 1363 2388 ³),

186 2413 371 2486 veneratio
405 2426 476 2496 Διὸς
500 2424 659 2504 Ἀφεσίου,
691 2416 754 2510 qui
783 2415 818 2486 in
848 2430 972 2488 monte
1001 2417 1177 2511 Megarae
1201 2415 1282 2487 urbi
1302 2416 1363 2487 ad-

186 2538 315 2611 iacenti
358 2539 555 2626 colebatur,
597 2540 776 2614 cohaeret.
818 2541 903 2633 Quo
943 2541 1057 2613 modo
1086 2542 1288 2626 cohaereat,
1317 2567 1362 2614 ex

185 2664 388 2737 Pausaniae
416 2665 565 2759 quidem
595 2667 715 2739 verbis
744 2666 926 2761 corruptis
954 2691 1026 2738 non
1052 2667 1139 2740 satis
1154 2667 1281 2752 elucet,
1295 2667 1361 2739 sed

185 2790 338 2862 fortasse
367 2789 451 2862 inde
478 2791 610 2862 horum
640 2792 794 2863 deorum
824 2791 1003 2865 connexio
1028 2791 1169 2877 exstitit,
1197 2793 1298 2886 quod
1314 2793 1362 2864 ab

184 2929 341 3009 utroque
356 2917 428 2989 deo
442 2940 589 2989 summo
605 2917 640 2988 in
656 2930 780 2989 monte
795 2917 930 2991 imbres
940 2929 1231 3012 exposcerentur.
1261 2919 1360 2989 Nam

184 3040 293 3113 etiam
331 3051 392 3111 Aia
430 3050 578 3130 Ἀᾳέσιον
616 3042 727 3116 fuisse
755 3042 866 3123 deum
896 3042 1102 3138 pluvialem,
1130 3041 1361 3137 cognominis

185 3164 411 3261 etymologia
439 3169 684 3262 comprobare
713 3167 857 3240 videtur
876 3164 911 3265 4).

224 3309 245 3366 1)
264 3308 348 3354 Etiam
378 3308 469 3356 nostris
497 3309 585 3357 diebus
616 3309 704 3358 Graeci
728 3310 868 3374 frequenter
890 3325 996 3375 pompas
1016 3309 1149 3358 sollemnes
1169 3310 1201 3357 ad
1221 3309 1275 3357 loca
1294 3309 1361 3357 edita

184 3396 284 3453 ducunt,
304 3405 331 3443 ut
350 3397 441 3444 imbres
460 3398 574 3461 precibus
593 3410 735 3464 exposcant.
754 3400 794 3448 De
813 3416 861 3463 qun
881 3415 906 3447 re
923 3400 956 3449 cf.
975 3400 1103 3448 Noumu.
1114 3398 1226 3456 Partsch‚
1238 3396 1359 3462 „Physik

184 3484 274 3545 Geogr.
293 3500 316 3531 v.
336 3484 494 3536 Griechenl.”
514 3503 539 3550 p.
561 3498 602 3548 79,

220 3569 246 3637 2)
265 3573 306 3621 Cl.
325 3574 400 3623 Paus.
420 3574 447 3621 11
467 3585 524 3636 29,7
547 3591 584 3639 sq.
604 3589 673 3640 3o,4.
692 3578 768 3630 Isocr.
788 3579 868 3643 Eung.
888 3578 902 3643 §
925 3592 963 3640 14.
983 3579 1057 3629 Pind.
1076 3577 1154 3629 Nem.
1174 3579 1200 3626 V
1227 3589 1267 3630 ιο.

236 3664 244 3722 )
263 3663 340 3712 Paus.
359 3663 372 3709 Ι
427 3676 460 3724 ,9,

219 3675 249 3813 34l
268 3677 449 3814 Cognomeb4a
468 3753 543 3802 verbo
563 3750 681 3821 ἀφίεναι
703 3756 859 3820 „dimittere”
881 3757 1019 3804 derivatum
1037 3757 1144 3806 indicare
1163 3756 1261 3805 videtur
1274 3756 1359 3813 deum,

184 3847 228 3910 qui
239 3845 331 3893 imbres
341 3846 458 3898 dimittat.
471 3847 510 3895 Ex
520 3850 608 3898 eadem
619 3851 696 3915 stirpe
706 3851 780 3899 etiam
791 3860 860 3898 ortus
871 3858 916 3906 est,
927 3851 947 3898 si
966 3851 1027 3914 quid
1038 3852 1120 3910 video,
1131 3851 1204 3912 Ζεύς
1217 3849 1360 3907 ’datuur-

184 3958 257 4002 τιος,
279 3941 318 3988 cui
337 3941 361 3988 in
380 3942 458 3991 arduo
476 3943 605 4006 Argolidis
624 3950 709 3993 monte
730 3948 859 4010 Apesante
878 3946 983 3994 Perseus
998 3945 1058 3993 olim
1072 3961 1123 3994 rem
1135 3947 1244 3996 divinam
1256 3948 1359 3995 iecissse

184 4035 320 4084 dicebatur.
339 4034 379 4087 Cf.
392 4037 467 4089 Paus.
480 4038 507 4085 II
530 4050 596 4102 15,3.
615 4037 704 4103 Steph.
716 4040 778 4104 Byz.
793 4056 814 4093 s,
826 4057 852 4093 v.
864 4032 996 4100 *Annuus
1024 4040 1112 4104 Etym.
1123 4041 1218 4104 Magn,
1230 4041 1274 4089 ubi
1285 4041 1357 4103 Zetis

185 4127 326 4197 Ἀᾳὲσιος
351 4134 375 4177 el
397 4135 470 4196 Ζειῖς
495 4135 688 4197 Ἀπεσάνιιος
707 4134 772 4183 inter
790 4151 843 4184 sese
861 4135 1054 4187 confunduntur.
1074 4136 1287 4201 HesiodTheog.
1298 4149 1358 4200 331.

186 4231 376 4291 Pseudo-Plut„
397 4232 428 4280 de
447 4231 506 4284 lluv.
525 4241 550 4281 et
570 4237 647 4285 mont.
667 4247 735 4285 nom.
759 4232 788 4280 18
809 4231 867 4298 §§4
887 4241 912 4282 et
931 4247 955 4294 9.
967 4231 1063 4286 Callim.
1075 4235 1104 4285 ir.
1118 4233 1149 4282 82
1162 4233 1359 4297 (ed.Schneid.).
