3106 4942
752 363 796 411 22

188 553 363 651 paulatim
401 556 675 642 evanescebant,
708 568 748 628 ut
775 580 903 628 eorum
933 555 1031 628 nulla
1059 555 1133 629 lere
1161 554 1232 646 alia
1259 554 1361 628 relin-

189 695 387 776 querentur
414 678 577 776 vestigia,
596 679 664 753 nisi
680 681 782 776 quod
797 680 833 753 in
848 680 947 767 locis,
962 681 998 752 in
1013 681 1147 776 quibus
1162 680 1360 776 aliquando

190 805 249 878 dei
291 805 340 878 illi
381 805 606 878 subterranei
648 804 735 879 culti
773 820 901 893 essent,
933 819 1062 902 postea
1088 806 1210 880 herois
1238 805 1361 880 nescio

190 930 294 1005 cuius
322 931 530 1029 sepulcrum
560 932 812 1004 ostenderetur
830 928 865 1030 1).
1129 915 1130 920 ¹

244 1056 388 1149 Quibus
417 1057 464 1129 de
492 1056 611 1131 causis
630 1083 704 1129 non
719 1057 859 1143 dubito,
874 1057 962 1152 quin
978 1057 1026 1129 illi
1042 1083 1192 1153 quoque
1207 1071 1361 1143 montes,

191 1207 285 1278 quos
309 1182 345 1254 in
364 1182 596 1278 praecedenti
611 1183 747 1279 pagina
762 1183 1143 1269 commemoravimus
1159 1183 1245 1255 olim
1274 1196 1363 1255 tam-

191 1334 302 1404 quam
332 1306 456 1381 fetissa
484 1308 570 1380 culti
585 1307 664 1394 sint,
680 1308 767 1403 quia
782 1309 961 1399 montium
975 1308 1075 1404 genii
1091 1309 1127 1380 in
1142 1308 1185 1382 iis
1199 1308 1364 1381 habitare

192 1434 491 1508 existimarentur.
520 1433 623 1522 Facit
649 1434 721 1506 huc
751 1459 910 1529 quoque,
924 1435 1026 1529 quod
1041 1433 1186 1506 Wilken
1202 1433 1363 1507 animad-

192 1559 306 1645 vertit,
348 1560 447 1655 apud
487 1559 645 1655 populos
679 1559 834 1633 incultos
866 1559 1104 1655 Archipelagi
1133 1573 1362 1633 mortuorum

192 1684 332 1758 animas
360 1685 572 1781 praesertim
602 1685 637 1757 in
666 1685 709 1759 iis
737 1685 924 1758 montibus
952 1686 1058 1758 sedes
1085 1685 1221 1758 habere
1235 1686 1364 1781 putari,

192 1837 287 1906 quos
329 1809 527 1905 antiquitus
569 1810 776 1885 letissorum
818 1811 901 1884 loco
931 1811 1049 1884 cultos
1077 1809 1188 1884 fuisse
1215 1810 1291 1884 veri
1319 1811 1365 1885 sit

192 1936 415 2012 simillimum
435 1934 470 2034 ²).

246 2063 351 2155 Quae
378 2087 566 2135 sacrorum
596 2062 775 2135 montium
804 2062 896 2135 ratio
911 2075 1021 2157 atque
1035 2075 1165 2134 natura
1177 2076 1366 2158 praeterea

193 2188 369 2284 cognosci
397 2188 540 2261 videtur
568 2214 589 2261 e
617 2190 844 2262 Graecorum
874 2213 977 2260 more
1005 2200 1147 2261 montes
1174 2202 1362 2283 tamquam
1451 2176 1452 2179 ¹

192 2338 368 2408 personas
396 2313 589 2410 figurandi,
617 2314 664 2385 de
692 2339 766 2408 quo
796 2338 898 2386 more
925 2313 1082 2385 breviter
1109 2339 1220 2410 agere
1247 2314 1365 2386 velim.

195 2441 270 2513 Res
298 2439 394 2513 enim
423 2464 600 2535 perquam
630 2439 798 2512 notabilis
826 2453 889 2526 est
904 2439 1038 2512 multos
1068 2438 1246 2513 Graeciae
1265 2464 1365 2512 mon-

194 2578 248 2638 tes
285 2564 457 2638 habuisse
494 2563 652 2650 nomina,
681 2565 815 2660 quibus
843 2564 952 2636 etiam
981 2564 1111 2637 heroes
1139 2563 1366 2660 semideique

195 2704 499 2786 nuncuparentur.
527 2690 589 2765 Sic
618 2691 717 2786 apud
744 2689 940 2785 scriptores
966 2703 1107 2762 veteres
1126 2689 1365 2785 cognomina:

194 2817 299 2889 Atlas
340 2816 514 2890 Tantalos
559 2816 712 2889 Tmolos
754 2815 948 2889 Cithaeron
991 2813 1149 2887 Haimos
1190 2815 1366 2888 Ardettos

196 2944 394 3015 Parnessos
423 2943 525 3039 Eryx
544 2941 703 3015 Helicon
729 2942 803 3027 Ida
826 2940 960 3036 quibus
984 2939 1156 3012 omnibus
1170 2966 1191 3012 e
1205 2940 1366 3013 Pseudo-

235 3252 259 3313 1)
279 3252 318 3300 Cl.
338 3251 434 3299 Rohde
452 3251 486 3300 1.1.
501 3264 557 3314 132.
579 3251 629 3314 „So
639 3267 696 3313 mag
706 3257 778 3298 unter
788 3250 832 3297 der
841 3250 938 3299 Gestalt
948 3249 1013 3298 noch
1023 3247 1141 3297 manches
1152 3248 1243 3304 Heres,
1253 3247 1293 3294 ein
1306 3245 1367 3293 alter

196 3341 328 3404 Localgott
345 3340 398 3389 sich
417 3342 559 3404 verbergen‚
578 3341 666 3389 dessen
686 3336 829 3402 Wohnung
847 3339 881 3386 im
900 3340 1007 3387 Inneren
1026 3338 1070 3386 der
1088 3338 1156 3385 Erde
1174 3352 1230 3384 zum
1251 3335 1365 3399 „Grabe”

195 3431 356 3494 umgedeutet
379 3431 473 3488 wurde‚
496 3431 543 3479 seit
561 3445 587 3478 er
604 3430 683 3478 selbst
701 3445 745 3478 aus
764 3429 843 3477 einem
863 3427 999 3492 gbttlichen
1017 3429 1116 3475 Wesen
1134 3425 1245 3474 hbheren
1263 3426 1367 3487 Ranges

196 3537 252 3568 zum
272 3520 421 3569 sterblichen
440 3520 541 3568 Helden
559 3518 731 3582 herabgesetzt
749 3519 825 3567 war.”

233 3607 260 3677 2)
287 3611 318 3659 G.
346 3612 381 3658 A.
401 3609 515 3658 Wilken.
545 3609 598 3657 Het
625 3609 701 3658 anim.
729 3608 761 3671 bij
777 3609 808 3656 de
827 3607 893 3655 volk.
913 3623 936 3654 v.
955 3607 980 3654 d.
1000 3607 1021 3654 Ι.
1040 3608 1074 3653 Α.
1094 3621 1119 3669 p.
1142 3617 1198 3667 139.
1229 3604 1306 3661 „Niet
1324 3618 1368 3651 on-

196 3698 385 3762 waarschijnlijk
413 3700 433 3747 is
462 3698 505 3747 het
533 3698 623 3756 echter‚
652 3699 696 3746 dat
723 3697 774 3745 ook
801 3697 830 3761 zij
860 3697 894 3759 (d.
911 3712 943 3744 w.
958 3713 980 3743 z.
1009 3695 1040 3743 de
1058 3694 1148 3757 heilige
1166 3694 1257 3756 bergen
1275 3694 1300 3740 in
1319 3693 1368 3740 den

197 3788 326 3853 Archipell
354 3787 560 3853 oorspronkelijk,
588 3786 810 3852 anthropopatisch
838 3793 952 3851 opgevat‚
981 3784 1017 3833 als
1045 3783 1147 3832 zoovele
1172 3783 1262 3837 fetisen
1280 3797 1368 3844 aange·

196 3878 278 3926 beden
306 3878 407 3925 werden
434 3893 465 3925 en
490 3894 549 3925 men
570 3885 634 3926 eerst
653 3877 719 3936 later,
740 3877 819 3925 onder
837 3876 885 3923 den
904 3874 1004 3923 invloed
1022 3890 1070 3922 van
1088 3872 1132 3921 het
1147 3871 1230 3920 steeds
1248 3887 1316 3919 meer
1335 3887 1368 3936 op

197 3967 246 4015 den
274 3967 416 4030 voorgrond
445 3967 550 4016 tredend
578 3967 721 4031 spiritisme,
751 3982 777 4014 er
804 3974 845 4013 toe
869 3964 992 4028 gekomen
1010 3964 1032 4011 is
1050 3963 1091 4010 die
1109 3961 1221 4010 eenmaal
1239 3960 1275 4009 als
1294 3960 1369 4023 heilig

197 4055 301 4120 geachte
319 4055 431 4118 hoogten
448 4056 481 4119 bij
502 4056 626 4104 voorkeur
644 4055 680 4104 als
700 4055 911 4119 verblijfplaatsen
929 4069 977 4101 van
996 4061 1105 4116 geesten‚
1124 4053 1151 4098 in
1160 4052 1191 4100 de
1201 4056 1279 4100 eerste
1289 4050 1369 4115 plaats

197 4162 245 4194 van
273 4146 305 4194 de
333 4145 411 4193 zielen
439 4146 483 4193 der
510 4147 698 4208 algestorvenen
716 4161 763 4193 aan
781 4151 806 4192 te
825 4143 953 4192 merhen.’'
974 4143 1013 4190 Cf.
1032 4149 1158 4206 praeterea
1176 4141 1243 4204 apud
1262 4139 1368 4188 eundem

197 4250 240 4299 PP·
263 4248 319 4297 193›
341 4248 399 4298 ²30·
