3106 4942
759 411 840 479 37⁷

195 617 433 701 pervetustus.
476 607 576 677 Nam
604 605 663 678 ille
691 630 840 700 quoque
868 605 959 678 deus
987 604 1022 676 in
1052 621 1176 679 monte
1204 608 1367 702 quodam

194 729 434 825 Thesprotiae
462 730 611 803 oracula
638 730 796 803 edidisse
823 729 976 804 videtur.
1004 730 1211 828 Aeschylus
1239 734 1366 805 saltem

193 854 355 949 loquitur
392 856 438 928 de
474 856 616 928 excelsa
654 856 824 941 Dodona,
861 855 925 927 ubi
962 856 1151 928 oraculum
1189 856 1368 952 sedesque

194 993 249 1052 est
281 989 468 1071 Θεσπρωτοῦ
498 992 569 1065 Διός
586 976 629 1080 1);
666 1005 834 1052 necnon
863 980 994 1053 eodem
1023 981 1172 1054 tendere
1200 980 1369 1054 videntur

193 1136 246 1197 ea,
274 1135 368 1205 quae
392 1110 526 1182 Strabo
545 1107 592 1180 de
607 1106 745 1180 oraculi
763 1106 834 1180 situ
853 1120 1137 1179 commemorat:
1152 1106 1249 1205 (VIII
1271 1108 1369 1206 328),

239 1239 286 1297 Ἡ
307 1232 444 1316 Δωδώνη
469 1235 573 1296 τοίνυν
597 1236 632 1294 τὸ
655 1233 710 1313 μὲν
733 1228 869 1294 παλαιὸν
894 1235 956 1295 ὑπὸ
979 1232 1172 1314 Θεσπρωτοῖς
1195 1226 1231 1313 ἦν
1255 1237 1304 1294 καὶ
1332 1237 1368 1295 τὸ

193 1355 294 1435 luogo
317 1353 455 1435 Τόμαρος
476 1352 494 1432 ἢ
517 1353 647 1433 Τμάρος,
667 1348 718 1430 ὑφ’
741 1344 765 1411 ὧ
790 1361 885 1411 κεῖται
907 1353 941 1411 τὸ
965 1351 1050 1432 ἱερόν.
1077 1342 1176 1413 Nam
1188 1341 1368 1428 Welcker,

195 1493 276 1540 mea
304 1467 452 1562 quidem
481 1465 666 1551 sententia,
694 1464 894 1538 rectissime
913 1464 1128 1551 observavit,
1148 1466 1366 1540 Strabonem

192 1592 292 1665 hisce
320 1592 441 1665 verbis
469 1617 577 1665 usum
606 1616 685 1664 esse
713 1591 761 1663 ad
789 1589 1037 1676 indicandum,
1065 1590 1176 1663 deum
1206 1590 1241 1662 in
1270 1590 1367 1664 clivo

194 1716 336 1803 montis
363 1717 463 1790 haud
492 1717 528 1788 in
556 1740 703 1789 summo
731 1715 866 1788 vertice
894 1716 1033 1788 cultum
1062 1715 1173 1789 luisse
1193 1713 1227 1814 Ἰ)
1261 1719 1368 1789 Prae-

192 1856 291 1915 terea
335 1842 407 1915 huc
450 1867 600 1936 quoque
646 1840 783 1913 faciunt
830 1840 951 1913 Iliadis
996 1865 1123 1913 versus
1169 1841 1366 1915 notissimi:

193 1968 243 2062 (Π
268 1990 339 2055 232
370 1968 444 2066 sq.).

353 2132 414 2190 Ζεῦ
439 2129 527 2204 ι’άνα,
551 2119 724 2202 Δωδωναῖὲ,
749 2124 930 2204 Πελασγικὲ,
955 2123 1066 2208 τηλόθι
1090 2128 1192 2203 ναίων,

354 2235 505 2319 Δωδώνης
528 2234 642 2316 μεδέων
665 2234 855 2318 δυσχειμέρου
879 2261 905 2297 κ.
920 2260 947 2296 τ.
961 2232 987 2296 λ.
1055 2294 1059 2302 ,

192 2382 255 2455 ubi
284 2382 492 2455 Zenodotus
521 2407 588 2478 pro
616 2389 807 2473 δυσχειμέρου
833 2380 978 2476 scripsit
1002 2386 1223 2462 πολυπίδακος.
1256 2383 1366 2466 Nam,

191 2507 275 2580 licet
301 2507 338 2579 hi
366 2532 493 2581 versus
521 2507 568 2579 ad
595 2506 805 2580 Thessaliae
832 2508 971 2578 cultum
1001 2506 1196 2601 quendam,
1220 2506 1266 2578 de
1290 2530 1365 2600 quo

191 2646 334 2729 praeter
375 2633 465 2705 haec
508 2631 595 2704 nihil
623 2632 813 2729 cognitum
841 2630 1031 2718 habemus
1059 2630 1239 2727 pertinere
1266 2630 1364 2703 vide-

190 2772 305 2844 antur,
347 2759 555 2831 Zenodotus
597 2772 728 2842 tamen,
770 2782 852 2829 mea
893 2756 1043 2851 quidem
1085 2755 1271 2841 sententia,
1299 2780 1364 2828 eos

191 2885 237 2956 ad
275 2882 516 2979 Thesprotiae
552 2883 690 2956 cultum
730 2882 864 2954 rettulit
896 2895 932 2954 et
961 2883 1009 2953 ob
1037 2881 1075 2953 id
1103 2881 1234 2976 ipsum,
1263 2879 1364 2975 quod

189 3033 319 3081 vocem
358 3015 548 3100 δυσχειμέρου
585 3008 670 3080 huic
713 3007 826 3080 cultui
868 3031 941 3078 non
984 3006 1179 3079 convenire
1212 3018 1365 3101 putaret,

190 3134 339 3206 alteram
367 3132 560 3234 lectionem
585 3139 798 3214 πολυπίδακος
819 3130 1018 3228 proposuit.
1060 3132 1163 3227 Ergo
1188 3128 1364 3203 Zenodoti

188 3258 366 3332 sententia
397 3257 456 3330 dei
486 3257 682 3329 Dodonaei
710 3281 854 3329 sacrum
889 3256 923 3328 in
953 3269 1077 3328 monte
1104 3255 1214 3329 situm
1243 3253 1364 3339 fuisse,

189 3409 366 3480 perquam
394 3381 589 3456 verisimile
616 3382 713 3454 duco
728 3378 763 3481 3).

228 3507 347 3581 Variis
361 3507 473 3604 igitur
487 3507 661 3602 exemplis
676 3507 946 3581 demonstrasse
960 3505 1048 3578 mihi
1063 3505 1200 3591 videor,
1211 3503 1364 3578 Graecis

135 3745 137 3750 ,
228 3698 249 3757 1)
268 3693 387 3759 Aeschyl.
407 3695 491 3753 Prom,
512 3693 563 3755 830
583 3709 619 3757 sq.
640 3692 690 3761 τήν
711 3693 873 3747 αἰπύνωτόν
894 3692 983 3764 τάμνὶ
1007 3690 1157 3763 Δωδώνην,
1187 3691 1233 3744 ἴνα

635 3790 754 3858 μαντεῖα
774 3786 880 3850 &uirile
893 3791 917 3843 1¹
930 3785 992 3843 ἐστὶ
1016 3792 1191 3863 Θεσπρωτοῦ
1213 3780 1293 3849 Διός.

223 3887 307 3934 Etiam
327 3887 353 3932 in
371 3885 529 3949 Supplicibus
549 3900 584 3932 vs.
606 3897 654 3949 253
677 3879 728 3957 ὅρη
750 3883 910 3938 Δωδωναῖα
930 3894 1162 3934 commemorantur.

225 3983 249 4042 2)
268 3978 396 4038 Welcker,
426 3979 468 4028 Gr.
488 3979 594 4029 Gotterl.
613 3979 626 4026 I
647 3992 711 4028 202:
732 3996 777 4038 „so
796 3982 853 4029 dass
873 3982 913 4030 bei
932 3981 1042 4031 Strabon
1061 3980 1191 4056 Τὸμαρος
1214 3982 1231 4052 η’
1251 3984 1363 4058 Τμάρος

189 4070 235 4140 ὕφ’
254 4068 274 4147 ᾧ
296 4075 387 4128 κεῖται
409 4069 441 4126 τὸ
464 4072 542 4146 ἱερόν
565 4074 633 4124 nicht
661 4092 711 4123 von
730 4076 788 4124 dem
807 4075 888 4123 Fusse
907 4076 950 4124 des
969 4077 1055 4140 Bergs,
1075 4078 1192 4136 sondem,
1212 4078 1258 4127 mit
1277 4080 1363 4143 Bczug

188 4171 231 4216 auf
249 4170 306 4216 dom
326 4169 411 4232 Gipfel
430 4170 474 4217 des
493 4169 606 4232 Gebirgs,
626 4185 685 4217 vom
704 4168 816 4232 Abhang
834 4171 982 4219 verstanden
1001 4173 1102 4221 werden
1120 4174 1213 4222 muss.”

224 4268 249 4320 3)
268 4258 299 4306 G.
323 4257 446 4316 Welcker,
467 4259 509 4307 Gr.
530 4259 635 4308 Gotterl.
655 4260 668 4306 Ι
691 4271 738 4320 199
757 4261 835 4308 Anm.
858 4272 878 4306 1.
