<?xml version="1.0" encoding="UTF-8"?>
<!DOCTYPE html PUBLIC "-//W3C//DTD XHTML 1.0 Transitional//EN"
    "http://www.w3.org/TR/xhtml1/DTD/xhtml1-transitional.dtd">
<html xmlns="http://www.w3.org/1999/xhtml" xml:lang="en" lang="en">
 <head>
  <title>
</title>
<meta http-equiv="Content-Type" content="text/html;charset=utf-8" />
  <meta name='ocr-system' content='tesseract 3.04.00' />
  <meta name='ocr-capabilities' content='ocr_page ocr_carea ocr_par ocr_line ocrx_word'/>
</head>
<body>
  <div class='ocr_page' id='page_1' title='image "./dediisinlocised00albegoog_0028.png"; bbox 0 0 3106 4942; ppageno 0'>
   <div class='ocr_carea' id='block_1_1' title="bbox 755 352 797 421">
    <p class='ocr_par' dir='ltr' id='par_1_1' title="bbox 755 352 797 421">
     <span class='ocr_line' id='line_1_1' title="bbox 755 352 797 421; baseline 0 0"><span class='ocrx_word' id='word_1_1' title='bbox 755 352 797 421; x_wconf 80' lang='lat'>14</span> 
     </span>
    </p>
   </div>
   <div class='ocr_carea' id='block_1_2' title="bbox 171 543 1439 4014">
    <p class='ocr_par' dir='ltr' id='par_1_2' title="bbox 171 543 1439 3490">
     <span class='ocr_line' id='line_1_2' title="bbox 188 543 1360 641; baseline -0.001 -23"><span class='ocrx_word' id='word_1_2' title='bbox 188 545 371 618; x_wconf 89' lang='lat' dir='ltr'>immerito</span> <span class='ocrx_word' id='word_1_3' title='bbox 414 546 458 618; x_wconf 88' lang='lat' dir='ltr'>G.</span> <span class='ocrx_word' id='word_1_4' title='bbox 499 546 543 616; x_wconf 79' lang='lat' dir='ltr'>A.</span> <span class='ocrx_word' id='word_1_5' title='bbox 585 543 730 616; x_wconf 89' lang='lat' dir='ltr'>Wilken</span> <span class='ocrx_word' id='word_1_6' title='bbox 769 543 975 617; x_wconf 82' lang='lat' dir='ltr'>observavit</span> <span class='ocrx_word' id='word_1_7' title='bbox 1012 544 1087 616; x_wconf 90' lang='lat' dir='ltr'>duo</span> <span class='ocrx_word' id='word_1_8' title='bbox 1125 544 1187 617; x_wconf 93' lang='lat' dir='ltr'>illa</span> <span class='ocrx_word' id='word_1_9' title='bbox 1222 569 1360 641; x_wconf 87' lang='lat' dir='ltr'>genera</span> 
     </span>
     <span class='ocr_line' id='line_1_3' title="bbox 189 666 1360 769; baseline -0.002 -26"><span class='ocrx_word' id='word_1_10' title='bbox 189 684 331 743; x_wconf 88' lang='lat' dir='ltr'>montes</span> <span class='ocrx_word' id='word_1_11' title='bbox 358 669 502 742; x_wconf 90' lang='lat' dir='ltr'>colendi</span> <span class='ocrx_word' id='word_1_12' title='bbox 530 668 676 742; x_wconf 88' lang='lat' dir='ltr'>vinculo</span> <span class='ocrx_word' id='word_1_13' title='bbox 705 670 867 763; x_wconf 89' lang='lat' dir='ltr'>quodam</span> <span class='ocrx_word' id='word_1_14' title='bbox 897 669 988 742; x_wconf 93' lang='lat' dir='ltr'>inter</span> <span class='ocrx_word' id='word_1_15' title='bbox 1015 694 1095 742; x_wconf 90' lang='lat' dir='ltr'>sese</span> <span class='ocrx_word' id='word_1_16' title='bbox 1115 671 1312 743; x_wconf 86' lang='lat' dir='ltr'>cohaerere</span> <span class='ocrx_word' id='word_1_17' title='bbox 1325 666 1360 769; x_wconf 82' lang='lat'>¹).</span> 
     </span>
     <span class='ocr_line' id='line_1_4' title="bbox 189 794 1360 890; baseline -0.002 -22"><span class='ocrx_word' id='word_1_18' title='bbox 189 798 246 868; x_wconf 91' lang='lat' dir='ltr'>Re</span> <span class='ocrx_word' id='word_1_19' title='bbox 278 821 365 868; x_wconf 91' lang='lat' dir='ltr'>vera</span> <span class='ocrx_word' id='word_1_20' title='bbox 405 794 551 890; x_wconf 89' lang='lat' dir='ltr'>saepius</span> <span class='ocrx_word' id='word_1_21' title='bbox 592 794 642 866; x_wconf 90' lang='lat' dir='ltr'>ita</span> <span class='ocrx_word' id='word_1_22' title='bbox 670 795 892 879; x_wconf 86' lang='lat' dir='ltr'>coaluerunt,</span> <span class='ocrx_word' id='word_1_23' title='bbox 920 808 960 866; x_wconf 93' lang='lat' dir='ltr'>ut</span> <span class='ocrx_word' id='word_1_24' title='bbox 988 794 1140 867; x_wconf 89' lang='lat' dir='ltr'>alterum</span> <span class='ocrx_word' id='word_1_25' title='bbox 1170 797 1217 867; x_wconf 86' lang='lat' dir='ltr'>ab</span> <span class='ocrx_word' id='word_1_26' title='bbox 1246 795 1360 868; x_wconf 89' lang='lat' dir='ltr'>altero</span> 
     </span>
     <span class='ocr_line' id='line_1_5' title="bbox 188 919 1361 1016; baseline -0.003 -22"><span class='ocrx_word' id='word_1_27' title='bbox 188 923 282 994; x_wconf 91' lang='lat' dir='ltr'>bene</span> <span class='ocrx_word' id='word_1_28' title='bbox 323 919 478 992; x_wconf 83' lang='lat' dir='ltr'><strong>discerni</strong></span> <span class='ocrx_word' id='word_1_29' title='bbox 516 932 681 1013; x_wconf 80' lang='lat' dir='ltr'>nequeat.</span> <span class='ocrx_word' id='word_1_30' title='bbox 719 920 774 991; x_wconf 88' lang='lat' dir='ltr'>Ita</span> <span class='ocrx_word' id='word_1_31' title='bbox 814 944 980 992; x_wconf 88' lang='lat' dir='ltr'>summus</span> <span class='ocrx_word' id='word_1_32' title='bbox 1008 920 1361 1016; x_wconf 89' lang='lat' dir='ltr'>mythologusGer-</span> 
     </span>
     <span class='ocr_line' id='line_1_6' title="bbox 188 1043 1361 1140; baseline -0.001 -22"><span class='ocrx_word' id='word_1_33' title='bbox 188 1046 353 1119; x_wconf 89' lang='lat' dir='ltr'>manicus</span> <span class='ocrx_word' id='word_1_34' title='bbox 377 1048 407 1140; x_wconf 87' lang='lat' dir='ltr'>J.</span> <span class='ocrx_word' id='word_1_35' title='bbox 436 1043 579 1118; x_wconf 88' lang='lat' dir='ltr'>Grimm</span> <span class='ocrx_word' id='word_1_36' title='bbox 609 1069 676 1140; x_wconf 87' lang='lat' dir='ltr'>pro</span> <span class='ocrx_word' id='word_1_37' title='bbox 706 1058 807 1117; x_wconf 87' lang='lat' dir='ltr'>certo</span> <span class='ocrx_word' id='word_1_38' title='bbox 836 1043 1038 1117; x_wconf 88' lang='lat' dir='ltr'>diiudicare</span> <span class='ocrx_word' id='word_1_39' title='bbox 1065 1069 1149 1116; x_wconf 66' lang='lat' dir='ltr'>non.</span> <span class='ocrx_word' id='word_1_40' title='bbox 1168 1070 1278 1117; x_wconf 87' lang='lat' dir='ltr'>ausus</span> <span class='ocrx_word' id='word_1_41' title='bbox 1298 1057 1361 1130; x_wconf 88' lang='lat' dir='ltr'>est,</span> 
     </span>
     <span class='ocr_line' id='line_1_7' title="bbox 171 1168 1362 1267; baseline -0.002 -24"><span class='ocrx_word' id='word_1_42' title='bbox 171 1185 310 1243; x_wconf 77' lang='lat' dir='ltr'>&#39;utrum</span> <span class='ocrx_word' id='word_1_43' title='bbox 344 1170 443 1267; x_wconf 86' lang='lat' dir='ltr'>apud</span> <span class='ocrx_word' id='word_1_44' title='bbox 476 1171 682 1243; x_wconf 89' lang='lat' dir='ltr'>Germanos</span> <span class='ocrx_word' id='word_1_45' title='bbox 711 1184 853 1242; x_wconf 89' lang='lat' dir='ltr'>montes</span> <span class='ocrx_word' id='word_1_46' title='bbox 881 1168 949 1264; x_wconf 90' lang='lat' dir='ltr'>ipsi</span> <span class='ocrx_word' id='word_1_47' title='bbox 978 1169 1082 1264; x_wconf 83' lang='lat' dir='ltr'>quasi</span> <span class='ocrx_word' id='word_1_48' title='bbox 1112 1169 1234 1243; x_wconf 86' lang='lat' dir='ltr'>fetissa</span> <span class='ocrx_word' id='word_1_49' title='bbox 1257 1195 1362 1243; x_wconf 93' lang='lat' dir='ltr'>vene-</span> 
     </span>
     <span class='ocr_line' id='line_1_8' title="bbox 189 1293 1363 1389; baseline 0 -22"><span class='ocrx_word' id='word_1_50' title='bbox 189 1296 317 1368; x_wconf 83' lang='lat' dir='ltr'>rationi</span> <span class='ocrx_word' id='word_1_51' title='bbox 359 1308 487 1381; x_wconf 83' lang='lat' dir='ltr'>essent,</span> <span class='ocrx_word' id='word_1_52' title='bbox 529 1320 574 1367; x_wconf 89' lang='lat' dir='ltr'>an</span> <span class='ocrx_word' id='word_1_53' title='bbox 617 1294 700 1366; x_wconf 91' lang='lat' dir='ltr'>ideo</span> <span class='ocrx_word' id='word_1_54' title='bbox 729 1307 868 1367; x_wconf 89' lang='lat' dir='ltr'>tanturn</span> <span class='ocrx_word' id='word_1_55' title='bbox 897 1293 991 1367; x_wconf 86' lang='lat' dir='ltr'>sacri</span> <span class='ocrx_word' id='word_1_56' title='bbox 1019 1295 1248 1380; x_wconf 80' lang='lat' dir='ltr'>haberentur,</span> <span class='ocrx_word' id='word_1_57' title='bbox 1276 1295 1363 1389; x_wconf 86' lang='lat' dir='ltr'>quia</span> 
     </span>
     <span class='ocr_line' id='line_1_9' title="bbox 188 1420 1363 1518; baseline 0.001 -26"><span class='ocrx_word' id='word_1_58' title='bbox 188 1422 223 1494; x_wconf 91' lang='lat' dir='ltr'>in</span> <span class='ocrx_word' id='word_1_59' title='bbox 253 1447 380 1494; x_wconf 90' lang='lat' dir='ltr'>eorum</span> <span class='ocrx_word' id='word_1_60' title='bbox 413 1420 609 1507; x_wconf 85' lang='lat' dir='ltr'>verticibus</span> <span class='ocrx_word' id='word_1_61' title='bbox 637 1420 687 1493; x_wconf 90' lang='lat' dir='ltr'>dii</span> <span class='ocrx_word' id='word_1_62' title='bbox 716 1420 900 1518; x_wconf 78' lang='lat' dir='ltr'>(Wuotan</span> <span class='ocrx_word' id='word_1_63' title='bbox 929 1420 1070 1518; x_wconf 84' lang='lat' dir='ltr'>Donar)</span> <span class='ocrx_word' id='word_1_64' title='bbox 1099 1420 1232 1493; x_wconf 89' lang='lat' dir='ltr'>morari</span> <span class='ocrx_word' id='word_1_65' title='bbox 1260 1434 1363 1517; x_wconf 88' lang='lat' dir='ltr'>puta-</span> 
     </span>
     <span class='ocr_line' id='line_1_10' title="bbox 188 1543 1362 1643; baseline 0 -25"><span class='ocrx_word' id='word_1_66' title='bbox 188 1560 320 1618; x_wconf 86' lang='lat' dir='ltr'>rentur.</span> <span class='ocrx_word' id='word_1_67' title='bbox 358 1548 473 1618; x_wconf 82' lang='lat' dir='ltr'>Haee</span> <span class='ocrx_word' id='word_1_68' title='bbox 492 1545 588 1618; x_wconf 85' lang='lat' dir='ltr'>enirn</span> <span class='ocrx_word' id='word_1_69' title='bbox 618 1545 695 1618; x_wconf 91' lang='lat' dir='ltr'>eius</span> <span class='ocrx_word' id='word_1_70' title='bbox 727 1558 811 1618; x_wconf 92' lang='lat' dir='ltr'>sunt</span> <span class='ocrx_word' id='word_1_71' title='bbox 838 1547 951 1618; x_wconf 91' lang='lat' dir='ltr'>verba</span> <span class='ocrx_word' id='word_1_72' title='bbox 969 1543 1007 1643; x_wconf 66' lang='lat'>²):</span> <span class='ocrx_word' id='word_1_73' title='bbox 1045 1545 1217 1642; x_wconf 89' lang='lat' dir='ltr'>«Heilige</span> <span class='ocrx_word' id='word_1_74' title='bbox 1249 1547 1362 1642; x_wconf 88' lang='lat' dir='ltr'>berge</span> 
     </span>
     <span class='ocr_line' id='line_1_11' title="bbox 189 1663 1362 1767; baseline -0.002 -24"><span class='ocrx_word' id='word_1_75' title='bbox 189 1672 264 1743; x_wconf 91' lang='lat' dir='ltr'>und</span> <span class='ocrx_word' id='word_1_76' title='bbox 287 1671 399 1767; x_wconf 80' lang='lat' dir='ltr'>httgel</span> <span class='ocrx_word' id='word_1_77' title='bbox 435 1673 511 1767; x_wconf 89' lang='lat' dir='ltr'>gab</span> <span class='ocrx_word' id='word_1_78' title='bbox 539 1696 578 1743; x_wconf 92' lang='lat' dir='ltr'>es</span> <span class='ocrx_word' id='word_1_79' title='bbox 607 1670 642 1741; x_wconf 92' lang='lat' dir='ltr'>in</span> <span class='ocrx_word' id='word_1_80' title='bbox 672 1663 822 1766; x_wconf 84' lang='lat' dir='ltr'>menge;</span> <span class='ocrx_word' id='word_1_81' title='bbox 851 1671 948 1742; x_wconf 88' lang='lat' dir='ltr'>doch</span> <span class='ocrx_word' id='word_1_82' title='bbox 976 1670 1116 1743; x_wconf 89' lang='lat' dir='ltr'>scheint</span> <span class='ocrx_word' id='word_1_83' title='bbox 1144 1670 1251 1743; x_wconf 93' lang='lat' dir='ltr'>dabei</span> <span class='ocrx_word' id='word_1_84' title='bbox 1279 1671 1362 1743; x_wconf 89' lang='lat' dir='ltr'>kein</span> 
     </span>
     <span class='ocr_line' id='line_1_12' title="bbox 190 1795 1361 1892; baseline -0.001 -24"><span class='ocrx_word' id='word_1_85' title='bbox 190 1796 505 1869; x_wconf 88' lang='lat' dir='ltr'>elementarischer</span> <span class='ocrx_word' id='word_1_86' title='bbox 520 1796 639 1868; x_wconf 88' lang='lat' dir='ltr'>cultus</span> <span class='ocrx_word' id='word_1_87' title='bbox 653 1822 699 1868; x_wconf 83' lang='lat' dir='ltr'>zu</span> <span class='ocrx_word' id='word_1_88' title='bbox 713 1795 860 1869; x_wconf 86' lang='lat' dir='ltr'>walten:</span> <span class='ocrx_word' id='word_1_89' title='bbox 889 1821 973 1868; x_wconf 87' lang='lat' dir='ltr'>man</span> <span class='ocrx_word' id='word_1_90' title='bbox 988 1795 1155 1868; x_wconf 90' lang='lat' dir='ltr'>verehrte</span> <span class='ocrx_word' id='word_1_91' title='bbox 1169 1795 1221 1868; x_wconf 92' lang='lat' dir='ltr'>sie</span> <span class='ocrx_word' id='word_1_92' title='bbox 1235 1821 1361 1892; x_wconf 87' lang='lat' dir='ltr'>wegen</span> 
     </span>
     <span class='ocr_line' id='line_1_13' title="bbox 189 1919 1439 2018; baseline 0 -26"><span class='ocrx_word' id='word_1_93' title='bbox 189 1922 254 1993; x_wconf 91' lang='lat' dir='ltr'>der</span> <span class='ocrx_word' id='word_1_94' title='bbox 293 1921 458 2018; x_wconf 78' lang='lat' dir='ltr'>gottheit,</span> <span class='ocrx_word' id='word_1_95' title='bbox 509 1920 568 1993; x_wconf 92' lang='lat' dir='ltr'>die</span> <span class='ocrx_word' id='word_1_96' title='bbox 610 1921 742 1993; x_wconf 81' lang='lat' dir='ltr'>darauf</span> <span class='ocrx_word' id='word_1_97' title='bbox 777 1920 878 1993; x_wconf 90' lang='lat' dir='ltr'>ihren</span> <span class='ocrx_word' id='word_1_98' title='bbox 906 1920 971 1993; x_wconf 86' lang='lat' dir='ltr'>sitz</span> <span class='ocrx_word' id='word_1_99' title='bbox 1000 1921 1108 1993; x_wconf 87' lang='lat' dir='ltr'>hatte.</span> <span class='ocrx_word' id='word_1_100' title='bbox 1154 1923 1274 1994; x_wconf 89' lang='lat' dir='ltr'>Wenn</span> <span class='ocrx_word' id='word_1_101' title='bbox 1302 1920 1362 1993; x_wconf 93' lang='lat' dir='ltr'>bei</span> <span class='ocrx_word' id='word_1_102' title='bbox 1435 1919 1439 1925; x_wconf 78' lang='grc'><strong>’</strong></span> 
     </span>
     <span class='ocr_line' id='line_1_14' title="bbox 188 2031 1362 2142; baseline 0.001 -25"><span class='ocrx_word' id='word_1_103' title='bbox 188 2046 378 2142; x_wconf 72' lang='lat' dir='ltr'>Agathias</span> <span class='ocrx_word' id='word_1_104' title='bbox 420 2031 516 2118; x_wconf 90' lang='lat' dir='ltr'>ohne</span> <span class='ocrx_word' id='word_1_105' title='bbox 557 2046 706 2119; x_wconf 88' lang='lat' dir='ltr'>solchen</span> <span class='ocrx_word' id='word_1_106' title='bbox 754 2048 885 2142; x_wconf 85' lang='lat' dir='ltr'>bezug,</span> <span class='ocrx_word' id='word_1_107' title='bbox 923 2052 1010 2135; x_wconf 82' lang='grc' dir='ltr'><em>λόφοι</em></span> <span class='ocrx_word' id='word_1_108' title='bbox 1034 2047 1110 2118; x_wconf 93' lang='lat' dir='ltr'>und</span> <span class='ocrx_word' id='word_1_109' title='bbox 1135 2055 1286 2138; x_wconf 67' lang='grc' dir='ltr'>φάραγγες</span> <span class='ocrx_word' id='word_1_110' title='bbox 1309 2047 1362 2119; x_wconf 88' lang='lat' dir='ltr'>als</span> 
     </span>
     <span class='ocr_line' id='line_1_15' title="bbox 187 2170 1363 2267; baseline -0.001 -24"><span class='ocrx_word' id='word_1_111' title='bbox 187 2172 440 2267; x_wconf 79' lang='lat' dir='ltr'>gegenst&#39;ande</span> <span class='ocrx_word' id='word_1_112' title='bbox 482 2171 547 2243; x_wconf 92' lang='lat' dir='ltr'>des</span> <span class='ocrx_word' id='word_1_113' title='bbox 585 2171 704 2243; x_wconf 88' lang='lat' dir='ltr'>cultus</span> <span class='ocrx_word' id='word_1_114' title='bbox 740 2185 902 2267; x_wconf 91' lang='lat' dir='ltr'>genannt</span> <span class='ocrx_word' id='word_1_115' title='bbox 930 2172 1084 2257; x_wconf 88' lang='lat' dir='ltr'>werden,</span> <span class='ocrx_word' id='word_1_116' title='bbox 1112 2196 1154 2244; x_wconf 92' lang='lat' dir='ltr'>so</span> <span class='ocrx_word' id='word_1_117' title='bbox 1178 2172 1273 2244; x_wconf 90' lang='lat' dir='ltr'>kann</span> <span class='ocrx_word' id='word_1_118' title='bbox 1303 2170 1363 2243; x_wconf 94' lang='lat' dir='ltr'>die</span> 
     </span>
     <span class='ocr_line' id='line_1_16' title="bbox 189 2295 1364 2392; baseline 0 -24"><span class='ocrx_word' id='word_1_119' title='bbox 189 2295 451 2392; x_wconf 87' lang='lat' dir='ltr'>beobachtung</span> <span class='ocrx_word' id='word_1_120' title='bbox 478 2295 746 2392; x_wconf 68' lang='lat' dir='ltr'>unvolstandig,</span> <span class='ocrx_word' id='word_1_121' title='bbox 774 2297 850 2368; x_wconf 93' lang='lat' dir='ltr'>und</span> <span class='ocrx_word' id='word_1_122' title='bbox 878 2295 934 2368; x_wconf 94' lang='lat' dir='ltr'>ein</span> <span class='ocrx_word' id='word_1_123' title='bbox 963 2321 1108 2369; x_wconf 87' lang='lat' dir='ltr'>wasser·</span> <span class='ocrx_word' id='word_1_124' title='bbox 1136 2296 1227 2368; x_wconf 90' lang='lat' dir='ltr'>oder</span> <span class='ocrx_word' id='word_1_125' title='bbox 1250 2295 1364 2369; x_wconf 74' lang='lat' dir='ltr'>seuer-</span> 
     </span>
     <span class='ocr_line' id='line_1_17' title="bbox 190 2420 1363 2517; baseline 0 -25"><span class='ocrx_word' id='word_1_126' title='bbox 190 2421 308 2494; x_wconf 89' lang='lat' dir='ltr'>cultus</span> <span class='ocrx_word' id='word_1_127' title='bbox 336 2446 381 2493; x_wconf 90' lang='lat' dir='ltr'>an</span> <span class='ocrx_word' id='word_1_128' title='bbox 412 2422 483 2493; x_wconf 93' lang='lat' dir='ltr'>den</span> <span class='ocrx_word' id='word_1_129' title='bbox 507 2422 600 2516; x_wconf 82' lang='lat' dir='ltr'>berg</span> <span class='ocrx_word' id='word_1_130' title='bbox 627 2420 807 2516; x_wconf 78' lang='lat' dir='ltr'>gekntipft</span> <span class='ocrx_word' id='word_1_131' title='bbox 833 2447 1001 2517; x_wconf 88' lang='lat' dir='ltr'>gewesen</span> <span class='ocrx_word' id='word_1_132' title='bbox 1029 2421 1115 2493; x_wconf 90' lang='lat' dir='ltr'>sein.</span> <span class='ocrx_word' id='word_1_133' title='bbox 1145 2422 1264 2495; x_wconf 91' lang='lat' dir='ltr'>Unter</span> <span class='ocrx_word' id='word_1_134' title='bbox 1292 2421 1363 2493; x_wconf 90' lang='lat' dir='ltr'>den</span> 
     </span>
     <span class='ocr_line' id='line_1_18' title="bbox 191 2545 1365 2642; baseline 0 -25"><span class='ocrx_word' id='word_1_135' title='bbox 191 2546 337 2618; x_wconf 90' lang='lat' dir='ltr'>Gothen</span> <span class='ocrx_word' id='word_1_136' title='bbox 377 2545 476 2617; x_wconf 77' lang='lat' dir='ltr'>durft</span> <span class='ocrx_word' id='word_1_137' title='bbox 504 2571 588 2617; x_wconf 87' lang='lat' dir='ltr'>man</span> <span class='ocrx_word' id='word_1_138' title='bbox 618 2571 676 2617; x_wconf 87' lang='lat' dir='ltr'>am</span> <span class='ocrx_word' id='word_1_139' title='bbox 707 2560 824 2619; x_wconf 88' lang='lat' dir='ltr'>ersten</span> <span class='ocrx_word' id='word_1_140' title='bbox 854 2546 952 2618; x_wconf 92' lang='lat' dir='ltr'>reine</span> <span class='ocrx_word' id='word_1_141' title='bbox 980 2546 1281 2642; x_wconf 90' lang='lat' dir='ltr'>bergverehrung</span> <span class='ocrx_word' id='word_1_142' title='bbox 1308 2571 1365 2618; x_wconf 88' lang='lat' dir='ltr'>su-</span> 
     </span>
     <span class='ocr_line' id='line_1_19' title="bbox 191 2669 1365 2767; baseline 0.001 -26"><span class='ocrx_word' id='word_1_143' title='bbox 191 2671 293 2742; x_wconf 87' lang='lat' dir='ltr'>chen.</span> <span class='ocrx_word' id='word_1_144' title='bbox 337 2669 505 2742; x_wconf 89' lang='lat' dir='ltr'>Dietmar</span> <span class='ocrx_word' id='word_1_145' title='bbox 545 2695 618 2742; x_wconf 90' lang='lat' dir='ltr'>von</span> <span class='ocrx_word' id='word_1_146' title='bbox 661 2672 882 2766; x_wconf 83' lang='lat' dir='ltr'>Merseburg</span> <span class='ocrx_word' id='word_1_147' title='bbox 917 2670 999 2766; x_wconf 88' lang='lat' dir='ltr'>gibt</span> <span class='ocrx_word' id='word_1_148' title='bbox 1027 2671 1084 2742; x_wconf 93' lang='lat' dir='ltr'>ein</span> <span class='ocrx_word' id='word_1_149' title='bbox 1112 2670 1263 2767; x_wconf 89' lang='lat' dir='ltr'>beispiel</span> <span class='ocrx_word' id='word_1_150' title='bbox 1292 2695 1365 2743; x_wconf 91' lang='lat' dir='ltr'>von</span> 
     </span>
     <span class='ocr_line' id='line_1_20' title="bbox 190 2794 1364 2890; baseline 0 -22"><span class='ocrx_word' id='word_1_151' title='bbox 190 2794 415 2868; x_wconf 86' lang='lat' dir='ltr'>Slavischem</span> <span class='ocrx_word' id='word_1_152' title='bbox 458 2795 691 2890; x_wconf 87' lang='lat' dir='ltr'>bergcultus:</span> <span class='ocrx_word' id='word_1_153' title='bbox 719 2795 840 2890; x_wconf 89' lang='lat' dir='ltr'>posita</span> <span class='ocrx_word' id='word_1_154' title='bbox 877 2809 998 2868; x_wconf 89' lang='lat' dir='ltr'>autern</span> <span class='ocrx_word' id='word_1_155' title='bbox 1038 2809 1091 2868; x_wconf 88' lang='lat' dir='ltr'>est</span> <span class='ocrx_word' id='word_1_156' title='bbox 1118 2797 1209 2868; x_wconf 87' lang='lat' dir='ltr'>haec</span> <span class='ocrx_word' id='word_1_157' title='bbox 1238 2795 1364 2868; x_wconf 87' lang='lat' dir='ltr'>civitas</span> 
     </span>
     <span class='ocr_line' id='line_1_21' title="bbox 190 2918 1360 3018; baseline 0 -27"><span class='ocrx_word' id='word_1_158' title='bbox 190 2918 360 3016; x_wconf 75' lang='lat' dir='ltr'>(n&#39;amlieh</span> <span class='ocrx_word' id='word_1_159' title='bbox 399 2918 542 3004; x_wconf 74' lang='lat' dir='ltr'>Nemi,</span> <span class='ocrx_word' id='word_1_160' title='bbox 580 2919 790 3018; x_wconf 84' lang='lat' dir='ltr'>Nimptsch)</span> <span class='ocrx_word' id='word_1_161' title='bbox 828 2920 863 2991; x_wconf 93' lang='lat' dir='ltr'>in</span> <span class='ocrx_word' id='word_1_162' title='bbox 892 2945 992 3016; x_wconf 89' lang='lat' dir='ltr'>pago</span> <span class='ocrx_word' id='word_1_163' title='bbox 1020 2920 1151 3006; x_wconf 87' lang='lat' dir='ltr'>silensi,</span> <span class='ocrx_word' id='word_1_164' title='bbox 1178 2920 1360 2993; x_wconf 88' lang='lat' dir='ltr'>vocabulo</span> 
     </span>
     <span class='ocr_line' id='line_1_22' title="bbox 189 3043 1359 3141; baseline 0.001 -26"><span class='ocrx_word' id='word_1_165' title='bbox 189 3044 260 3115; x_wconf 90' lang='lat' dir='ltr'>hoc</span> <span class='ocrx_word' id='word_1_166' title='bbox 303 3043 528 3138; x_wconf 90' lang='lat' dir='ltr'>aquodam</span> <span class='ocrx_word' id='word_1_167' title='bbox 572 3058 704 3130; x_wconf 89' lang='lat' dir='ltr'>monte,</span> <span class='ocrx_word' id='word_1_168' title='bbox 732 3044 839 3117; x_wconf 87' lang='lat' dir='ltr'>nimis</span> <span class='ocrx_word' id='word_1_169' title='bbox 868 3045 1011 3118; x_wconf 86' lang='lat' dir='ltr'>excelso</span> <span class='ocrx_word' id='word_1_170' title='bbox 1041 3059 1076 3116; x_wconf 89' lang='lat' dir='ltr'>et</span> <span class='ocrx_word' id='word_1_171' title='bbox 1102 3045 1244 3141; x_wconf 90' lang='lat' dir='ltr'>grandi,</span> <span class='ocrx_word' id='word_1_172' title='bbox 1273 3044 1359 3116; x_wconf 89' lang='lat' dir='ltr'>olim</span> 
     </span>
     <span class='ocr_line' id='line_1_23' title="bbox 188 3168 1357 3264; baseline -0.001 -22"><span class='ocrx_word' id='word_1_173' title='bbox 188 3168 258 3242; x_wconf 90' lang='lat' dir='ltr'>sibi</span> <span class='ocrx_word' id='word_1_174' title='bbox 287 3168 421 3241; x_wconf 88' lang='lat' dir='ltr'>indito:</span> <span class='ocrx_word' id='word_1_175' title='bbox 449 3181 485 3240; x_wconf 94' lang='lat' dir='ltr'>et</span> <span class='ocrx_word' id='word_1_176' title='bbox 513 3168 571 3240; x_wconf 90' lang='lat' dir='ltr'>hic</span> <span class='ocrx_word' id='word_1_177' title='bbox 602 3171 650 3241; x_wconf 90' lang='lat' dir='ltr'>ob</span> <span class='ocrx_word' id='word_1_178' title='bbox 679 3169 890 3263; x_wconf 83' lang='lat' dir='ltr'>qualitatem</span> <span class='ocrx_word' id='word_1_179' title='bbox 915 3195 1020 3243; x_wconf 90' lang='lat' dir='ltr'>suam</span> <span class='ocrx_word' id='word_1_180' title='bbox 1054 3183 1090 3242; x_wconf 93' lang='lat' dir='ltr'>et</span> <span class='ocrx_word' id='word_1_181' title='bbox 1118 3169 1357 3264; x_wconf 91' lang='lat' dir='ltr'>quantitatem</span> 
     </span>
     <span class='ocr_line' id='line_1_24' title="bbox 190 3294 1361 3390; baseline 0.001 -25"><span class='ocrx_word' id='word_1_182' title='bbox 190 3319 274 3366; x_wconf 88' lang='lat' dir='ltr'>curn</span> <span class='ocrx_word' id='word_1_183' title='bbox 317 3294 540 3367; x_wconf 87' lang='lat' dir='ltr'>exsecranda</span> <span class='ocrx_word' id='word_1_184' title='bbox 557 3369 559 3372; x_wconf 70' lang='grc'><strong>,</strong></span> <span class='ocrx_word' id='word_1_185' title='bbox 578 3294 761 3390; x_wconf 86' lang='lat' dir='ltr'>gentilitas</span> <span class='ocrx_word' id='word_1_186' title='bbox 803 3294 852 3366; x_wconf 95' lang='lat' dir='ltr'>ibi</span> <span class='ocrx_word' id='word_1_187' title='bbox 889 3308 1130 3380; x_wconf 87' lang='lat' dir='ltr'>veneraretur,</span> <span class='ocrx_word' id='word_1_188' title='bbox 1158 3295 1205 3367; x_wconf 93' lang='lat' dir='ltr'>ab</span> <span class='ocrx_word' id='word_1_189' title='bbox 1234 3294 1361 3367; x_wconf 85' lang='lat' dir='ltr'>incolis</span> 
     </span>
     <span class='ocr_line' id='line_1_25' title="bbox 190 3416 802 3490; baseline -0.01 -1"><span class='ocrx_word' id='word_1_190' title='bbox 190 3417 360 3490; x_wconf 89' lang='lat' dir='ltr'>omnibus</span> <span class='ocrx_word' id='word_1_191' title='bbox 388 3416 495 3489; x_wconf 90' lang='lat' dir='ltr'>nimis</span> <span class='ocrx_word' id='word_1_192' title='bbox 522 3417 802 3489; x_wconf 88' lang='lat' dir='ltr'>honorabatur.»</span> 
     </span>
    </p>

    <p class='ocr_par' dir='ltr' id='par_1_3' title="bbox 190 3541 1365 4014">
     <span class='ocr_line' id='line_1_26' title="bbox 243 3541 1365 3640; baseline 0.001 -25"><span class='ocrx_word' id='word_1_193' title='bbox 243 3542 327 3635; x_wconf 82' lang='lat' dir='ltr'>Qua</span> <span class='ocrx_word' id='word_1_194' title='bbox 365 3541 504 3614; x_wconf 88' lang='lat' dir='ltr'>ratione</span> <span class='ocrx_word' id='word_1_195' title='bbox 536 3556 659 3614; x_wconf 91' lang='lat' dir='ltr'>autem</span> <span class='ocrx_word' id='word_1_196' title='bbox 688 3543 763 3614; x_wconf 90' lang='lat' dir='ltr'>duo</span> <span class='ocrx_word' id='word_1_197' title='bbox 792 3544 883 3614; x_wconf 91' lang='lat' dir='ltr'>haec</span> <span class='ocrx_word' id='word_1_198' title='bbox 912 3543 1078 3615; x_wconf 88' lang='lat' dir='ltr'>cultuum</span> <span class='ocrx_word' id='word_1_199' title='bbox 1101 3569 1248 3640; x_wconf 91' lang='lat' dir='ltr'>genera,</span> <span class='ocrx_word' id='word_1_200' title='bbox 1276 3569 1365 3638; x_wconf 88' lang='lat' dir='ltr'>quo-</span> 
     </span>
     <span class='ocr_line' id='line_1_27' title="bbox 190 3666 1364 3753; baseline 0.001 -13"><span class='ocrx_word' id='word_1_201' title='bbox 190 3692 271 3740; x_wconf 90' lang='lat' dir='ltr'>rum</span> <span class='ocrx_word' id='word_1_202' title='bbox 300 3667 452 3740; x_wconf 87' lang='lat' dir='ltr'>alterum</span> <span class='ocrx_word' id='word_1_203' title='bbox 482 3668 529 3739; x_wconf 88' lang='lat' dir='ltr'>ad</span> <span class='ocrx_word' id='word_1_204' title='bbox 559 3666 803 3753; x_wconf 69' lang='lat' dir='ltr'>ferissismun</span> <span class='ocrx_word' id='word_1_205' title='bbox 823 3668 976 3740; x_wconf 89' lang='lat' dir='ltr'>alterurn</span> <span class='ocrx_word' id='word_1_206' title='bbox 992 3668 1040 3740; x_wconf 85' lang='lat' dir='ltr'>ad</span> <span class='ocrx_word' id='word_1_207' title='bbox 1055 3668 1193 3740; x_wconf 89' lang='lat' dir='ltr'>cultum</span> <span class='ocrx_word' id='word_1_208' title='bbox 1209 3669 1364 3741; x_wconf 90' lang='lat' dir='ltr'>deorum</span> 
     </span>
     <span class='ocr_line' id='line_1_28' title="bbox 190 3791 1365 3895; baseline 0.003 -32"><span class='ocrx_word' id='word_1_209' title='bbox 190 3792 226 3863; x_wconf 94' lang='lat' dir='ltr'>in</span> <span class='ocrx_word' id='word_1_210' title='bbox 247 3791 360 3895; x_wconf 85' lang='lat' dir='ltr'>editis</span> <span class='ocrx_word' id='word_1_211' title='bbox 388 3791 478 3864; x_wconf 88' lang='lat' dir='ltr'>locis</span> <span class='ocrx_word' id='word_1_212' title='bbox 505 3791 669 3888; x_wconf 83' lang='lat' dir='ltr'>pertinet,</span> <span class='ocrx_word' id='word_1_213' title='bbox 697 3792 789 3865; x_wconf 91' lang='lat' dir='ltr'>inter</span> <span class='ocrx_word' id='word_1_214' title='bbox 816 3818 856 3866; x_wconf 89' lang='lat' dir='ltr'>se</span> <span class='ocrx_word' id='word_1_215' title='bbox 884 3818 977 3866; x_wconf 82' lang='lat' dir='ltr'>nexa</span> <span class='ocrx_word' id='word_1_216' title='bbox 1004 3807 1040 3866; x_wconf 92' lang='lat' dir='ltr'>et</span> <span class='ocrx_word' id='word_1_217' title='bbox 1068 3793 1263 3866; x_wconf 86' lang='lat' dir='ltr'>coniuncta</span> <span class='ocrx_word' id='word_1_218' title='bbox 1285 3793 1365 3881; x_wconf 90' lang='lat' dir='ltr'>sint,</span> 
     </span>
     <span class='ocr_line' id='line_1_29' title="bbox 190 3916 1365 4014; baseline 0.001 -25"><span class='ocrx_word' id='word_1_219' title='bbox 190 3917 258 3989; x_wconf 87' lang='lat' dir='ltr'>hac</span> <span class='ocrx_word' id='word_1_220' title='bbox 296 3919 343 3989; x_wconf 91' lang='lat' dir='ltr'>de</span> <span class='ocrx_word' id='word_1_221' title='bbox 380 3942 418 3989; x_wconf 95' lang='lat' dir='ltr'>re</span> <span class='ocrx_word' id='word_1_222' title='bbox 455 3916 490 3988; x_wconf 95' lang='lat' dir='ltr'>in</span> <span class='ocrx_word' id='word_1_223' title='bbox 519 3917 685 4012; x_wconf 92' lang='lat' dir='ltr'>sequenti</span> <span class='ocrx_word' id='word_1_224' title='bbox 728 3917 847 4013; x_wconf 90' lang='lat' dir='ltr'>capite</span> <span class='ocrx_word' id='word_1_225' title='bbox 884 3917 1001 3991; x_wconf 84' lang='lat' dir='ltr'>fusius</span> <span class='ocrx_word' id='word_1_226' title='bbox 1030 3918 1236 4014; x_wconf 89' lang='lat' dir='ltr'>disputab0.</span> <span class='ocrx_word' id='word_1_227' title='bbox 1279 3920 1365 3990; x_wconf 88' lang='lat' dir='ltr'>Hoc</span> 
     </span>
    </p>
   </div>
   <div class='ocr_carea' id='block_1_3' title="bbox 227 4086 1324 4285">
    <p class='ocr_par' dir='ltr' id='par_1_4' title="bbox 227 4086 1324 4285">
     <span class='ocr_line' id='line_1_30' title="bbox 229 4086 1324 4196; baseline 0.001 -19"><span class='ocrx_word' id='word_1_228' title='bbox 229 4133 251 4193; x_wconf 83' lang='lat'>1)</span> <span class='ocrx_word' id='word_1_229' title='bbox 270 4131 301 4180; x_wconf 93' lang='lat' dir='ltr'>G.</span> <span class='ocrx_word' id='word_1_230' title='bbox 319 4133 353 4179; x_wconf 87' lang='lat' dir='ltr'>A.</span> <span class='ocrx_word' id='word_1_231' title='bbox 373 4130 485 4187; x_wconf 72' lang='lat' dir='ltr'>Wilken</span> <span class='ocrx_word' id='word_1_232' title='bbox 506 4132 560 4178; x_wconf 88' lang='lat' dir='ltr'>Het</span> <span class='ocrx_word' id='word_1_233' title='bbox 578 4131 708 4178; x_wconf 86' lang='lat' dir='ltr'>animisme</span> <span class='ocrx_word' id='word_1_234' title='bbox 726 4086 762 4194; x_wconf 68' lang='lat' dir='ltr'>bii</span> <span class='ocrx_word' id='word_1_235' title='bbox 779 4132 811 4179; x_wconf 88' lang='lat' dir='ltr'>de</span> <span class='ocrx_word' id='word_1_236' title='bbox 830 4131 922 4180; x_wconf 85' lang='lat' dir='ltr'>volken</span> <span class='ocrx_word' id='word_1_237' title='bbox 940 4147 963 4179; x_wconf 95' lang='lat' dir='ltr'>v.</span> <span class='ocrx_word' id='word_1_238' title='bbox 983 4132 1009 4180; x_wconf 88' lang='lat' dir='ltr'>d.</span> <span class='ocrx_word' id='word_1_239' title='bbox 1027 4132 1084 4180; x_wconf 90' lang='lat' dir='ltr'>Ind.</span> <span class='ocrx_word' id='word_1_240' title='bbox 1104 4131 1198 4196; x_wconf 89' lang='lat' dir='ltr'>archip.</span> <span class='ocrx_word' id='word_1_241' title='bbox 1218 4148 1242 4195; x_wconf 91' lang='lat' dir='ltr'>p.</span> <span class='ocrx_word' id='word_1_242' title='bbox 1267 4143 1324 4194; x_wconf 79' lang='lat'>139.</span> 
     </span>
     <span class='ocr_line' id='line_1_31' title="bbox 227 4218 811 4285; baseline -0.002 -18"><span class='ocrx_word' id='word_1_243' title='bbox 227 4218 255 4285; x_wconf 79' lang='lat'>2)</span> <span class='ocrx_word' id='word_1_244' title='bbox 270 4221 295 4283; x_wconf 93' lang='lat' dir='ltr'>J.</span> <span class='ocrx_word' id='word_1_245' title='bbox 315 4220 412 4268; x_wconf 84' lang='lat' dir='ltr'>Grimm</span> <span class='ocrx_word' id='word_1_246' title='bbox 431 4219 559 4268; x_wconf 86' lang='lat' dir='ltr'>Deutsche</span> <span class='ocrx_word' id='word_1_247' title='bbox 577 4219 684 4283; x_wconf 77' lang='lat' dir='ltr'>Myth.⁴</span> <span class='ocrx_word' id='word_1_248' title='bbox 704 4235 728 4284; x_wconf 93' lang='lat' dir='ltr'>p.</span> <span class='ocrx_word' id='word_1_249' title='bbox 751 4219 811 4283; x_wconf 81' lang='lat'><strong>536.</strong></span> 
     </span>
    </p>
   </div>
   <div class='ocr_carea' id='block_1_4' title="bbox 0 0 1562 4942">
    <p class='ocr_par' dir='ltr' id='par_1_5' title="bbox 0 0 1562 4942">
     <span class='ocr_line' id='line_1_32' title="bbox 0 0 1562 4942; baseline 0 0"><span class='ocrx_word' id='word_1_250' title='bbox 0 0 1562 4942; x_wconf 95' lang='lat' dir='ltr'> </span> 
     </span>
    </p>
   </div>
  </div>
 </body>
</html>
