3090 4942
751 239 798 304 62

184 473 254 545 pro
286 460 390 536 μικρὸς
419 452 507 528 λίθος
538 460 679 520 veteres
706 446 820 519 critici
848 447 956 519 aliam
986 448 1191 527 lectionem,
1227 453 1371 520 Malim

186 578 274 655 λίθος
309 571 552 668 probaverint,
589 572 692 666 quod
728 573 819 644 haec
849 573 965 645 moles
992 588 1077 645 ante
1103 571 1251 644 Phaesti
1278 595 1370 667 por-

186 715 274 783 tum,
311 713 352 769 ut
387 696 485 768 lama
522 697 622 793 apud
655 696 848 793 indigenas
875 696 1025 781 lerebat,
1061 723 1084 769 a
1116 698 1239 769 Malea
1269 697 1368 792 Tyr-
1432 714 1437 721 '

185 824 382 896 rhenorum
420 822 696 918 Pelasgicorum
725 822 820 923 duce
847 836 1029 895 exstructa
1057 848 1138 896 esse
1165 821 1366 906 ferebatur,

186 947 245 1019 vix
280 946 434 1019 dubium
472 972 552 1020 esse
588 960 719 1042 potest,
760 947 847 1042 quin
877 948 977 1043 apud
1006 947 1192 1019 Rhianum
1220 945 1364 1040 Apollo

187 1072 369 1145 Lithesius
397 1096 469 1144 non
498 1071 765 1167 intellegendus
792 1072 839 1144 sit
865 1073 1003 1168 Apollo
1032 1077 1211 1161 Μαλεώτης
1237 1069 1273 1141 in
1295 1071 1368 1142 la-

185 1197 323 1279 conica,
359 1197 425 1268 sed
463 1195 521 1268 ille
559 1197 638 1291 ipse
664 1196 802 1292 Apollo
831 1197 1022 1280 Cretensis
1049 1196 1155 1268 cuius
1181 1195 1365 1290 templum

185 1322 219 1393 in
250 1322 346 1394 mole
374 1320 434 1393 illa
463 1321 606 1393 Maleae
626 1366 675 1373 —
697 1346 765 1416 pro
795 1329 912 1415 Μαλέᾳ
936 1321 1032 1394 enim
1063 1327 1181 1391 Μαλέα
1203 1319 1366 1391 scriben-

184 1447 273 1519 dum
311 1470 397 1518 cum
436 1447 597 1517 Lobeck.
632 1445 816 1541 Aglaoph.
839 1473 874 1542 p.
892 1453 966 1538 586
1003 1492 1053 1499 —
1092 1457 1176 1517 ante
1211 1458 1363 1540 portum

186 1570 329 1644 Phaesti
358 1569 594 1642 aedificatum
624 1572 729 1642 erat'’

239 1698 327 1768 Non
364 1695 483 1767 solum
521 1710 643 1768 autem
682 1696 781 1766 iuxta
808 1721 892 1768 oras
921 1695 1130 1779 maritimas,
1156 1684 1394 1766 sedetiam

184 1822 219 1893 in
253 1819 483 1893 interioribus
520 1819 697 1893 Graeciae
734 1820 947 1916 regionibus
976 1834 1118 1892 montes
1146 1820 1193 1891 ad
1221 1819 1362 1891 cultum

184 1944 366 2041 Apollinis
393 1970 505 2038 quarn
534 1944 691 2017 maxime
719 1959 826 2040 aptos
846 1947 976 2017 ductos
995 1970 1085 2030 esse,
1103 1944 1268 2040 pluribus
1286 1943 1361 2015 iam

185 2071 330 2143 docebo
358 2069 544 2166 exemplis.

236 2197 299 2267 Ab
335 2193 481 2267 Atticae
519 2209 643 2267 monte
680 2197 799 2266 Pame
832 2205 1011 2287 Παρνησίου
1043 2219 1177 2266 nornen
1215 2193 1248 2265 ei
1281 2205 1360 2265 erat

185 2319 339 2393 inditum
382 2315 416 2417 1),
466 2329 632 2411 Λυκωρεὺς
667 2318 744 2391 sive
780 2329 953 2410 Λυκώρειος
990 2319 1296 2391 denominabatur
1337 2343 1360 2390 a

185 2455 356 2535 standum,
389 2443 451 2538 qui
480 2469 600 2540 pagus
627 2442 663 2515 in
691 2469 837 2517 summo
866 2445 1047 2516 Parnasso
1071 2458 1148 2516 erat
1165 2443 1264 2516 situs.
1285 2441 1359 2514 Hic

185 2568 295 2640 aedes
322 2581 399 2640 erat
426 2569 651 2664 perantiqua,
670 2595 780 2663 quam
803 2568 1007 2640 Deucalion
1036 2568 1245 2640 condidisse
1264 2567 1360 2640 dice-

184 2694 300 2766 batur.
337 2695 451 2765 Fama
487 2692 583 2765 enim
621 2694 769 2778 ferebat
807 2694 903 2778 olim,
940 2719 1025 2765 cum
1059 2705 1135 2775 Zulg
1172 2693 1207 2764 in
1240 2707 1358 2765 totum

183 2844 300 2914 genus
328 2818 528 2889 humanum
552 2819 712 2913 graviter
745 2819 856 2891 iratus
889 2819 1016 2890 orbem
1048 2832 1225 2890 terrarum
1255 2816 1360 2911 aquis

183 2942 436 3029 submersissit,
474 2943 739 3015 Deucalionem
773 2969 865 3016 nave
902 2943 937 3013 in
975 2943 1144 3015 Parnassi
1185 2941 1358 3014 verticem

184 3068 388 3164 appulsum,
429 3067 489 3139 vix
529 3067 682 3140 salutem
725 3067 952 3163 expedivisse
993 3065 1126 3160 ibique,
1167 3082 1207 3140 ut
1234 3065 1359 3139 debita

183 3207 269 3265 vota
292 3206 556 3287 exsequeretur,
575 3194 703 3265 urbem
724 3193 932 3265 condidisse
950 3205 987 3264 et
1004 3216 1110 3264 sacra
1128 3192 1164 3264 in
1178 3192 1357 3264 honorem

184 3330 255 3398 Διὸς
300 3327 478 3408 Λυκωριιόυ
521 3316 716 3389 instituisse
756 3315 791 3411 2).
833 3316 905 3409 Qui
948 3328 1069 3387 aulem
1118 3326 1190 3397 Διός
1240 3316 1359 3387 Cultus

184 3441 446 3536 posterioribus
501 3441 728 3537 temporibus
783 3466 932 3537 prorsus
982 3440 1173 3513 evanuisse
1214 3440 1358 3512 videtur

183 3579 291 3661 atque
332 3566 483 3639 cessisse
521 3567 701 3662 Apollinis
738 3566 971 3653 venerationi,
1004 3565 1063 3639 cui
1092 3566 1174 3651 de0,
1202 3578 1242 3638 ut
1269 3564 1356 3638 satis

223 3873 231 3907 1
264 3857 512 3908 C.l.A.ll()0.

220 3863 244 4007 zi
264 3947 302 3996 Cs.
323 3948 384 3997 Call.
404 3949 440 3996 H.
461 3872 529 4007 alr).
557 3949 640 3997 Schol.
659 3949 745 4013 Apoll.
767 3949 864 4007 Rhoe„
883 3950 946 4011 Arg.
965 3946 993 3995 Il
1015 3958 1091 4010 1147,
1120 3948 1159 3994 IV
1174 3959 1248 4010 1490.
1267 3942 1355 4010 Steph.

183 4037 244 4101 Byz.
271 4053 290 4084 s.
311 4054 334 4087 v.
358 4034 517 4109 Auudperu
537 4038 634 4102 Apoll,
653 4039 719 4086 Bibl.
739 4039 752 4085 Ι
772 4048 822 4098 7,2.
842 4039 917 4088 Paus.
938 4039 967 4086 X
987 4038 1039 4096 6‚2.
1058 4035 1229 4086 SchoLPind.
1249 4035 1292 4082 IX
1313 4045 1356 4095 70.

182 4130 293 4189 Luciam,
313 4133 378 4181 Tim.
398 4145 422 4194 3.
442 4132 533 4180 Manu.
553 4134 610 4180 Par.
629 4147 645 4194 4
666 4148 722 4195 sqq.
