3090 4942
727 365 775 447 36

166 573 300 647 divinis
329 587 405 647 arte
433 587 511 648 erat
529 573 745 648 coniunctus
759 572 793 672 1)‚
821 573 966 669 utrique
989 573 1147 671 denique
1161 575 1232 648 deo
1248 573 1334 647 olim

92 743 93 747 =
162 699 330 772 homines
358 699 643 772 immolabantur
661 697 695 797 ²).

216 825 389 898 Secundo
431 825 514 897 loco
552 827 747 898 observatu
785 824 1041 921 dignissimum
1071 839 1133 912 est
1161 825 1270 898 etiam
1299 825 1335 897 in

163 949 338 1022 Boeotiae
376 963 500 1022 monte
538 949 749 1047 Laphystio,
786 949 848 1022 ubi
882 962 958 1032 Ζεὺς
981 960 1164 1038 Λαφύστιος
1196 950 1281 1023 inde
1314 975 1336 1022 a

162 1074 289 1169 priscis
339 1074 567 1171 temporibus
609 1075 806 1160 colebatur,
847 1073 985 1147 hostias
1026 1072 1205 1148 humanas
1247 1074 1334 1147 olim

160 1224 307 1272 summo
349 1200 420 1272 deo
463 1199 580 1272 litatas
623 1225 711 1273 esse.
753 1199 866 1272 Cuius
908 1197 960 1271 rei
996 1198 1151 1295 vestigia
1178 1199 1335 1272 servavit

161 1324 285 1398 fabula
321 1325 504 1420 quaedam
542 1325 642 1420 apud
670 1324 889 1398 Pausaniam
919 1323 1084 1418 aliosque
1112 1348 1335 1396 commemo-

161 1464 246 1535 rata,
275 1476 349 1545 qua
376 1451 556 1522 Athamas
584 1449 681 1535 olim,
709 1449 745 1520 in
775 1462 899 1522 monte
928 1448 1130 1545 Laphystio
1159 1448 1333 1522 Phrixum

160 1589 196 1647 et
225 1575 367 1660 Hellen,
395 1575 490 1648 l'lios
518 1600 615 1659 suos,
643 1574 906 1659 immolaturus,
934 1575 981 1646 ab
1009 1572 1160 1646 immani
1180 1573 1240 1646 illo
1260 1599 1335 1647 sce-

159 1700 234 1772 lere
276 1698 481 1795 prohibitus
522 1725 602 1772 esse
639 1699 823 1771 ferebatur
851 1709 947 1771 astu‘
973 1698 1064 1794 ips0,
1092 1698 1155 1793 qui
1183 1698 1332 1771 arietem

159 1825 292 1898 vellere
328 1850 440 1897 aureo
477 1823 612 1896 liberos
640 1823 676 1894 in
704 1824 786 1896 loca
813 1837 892 1896 tuta
919 1823 1113 1896 transferre
1141 1823 1282 1896 iuberet
1299 1819 1334 1920 ³).

160 1950 281 2023 Etiam
325 1949 510 2023 Herodoti
551 1962 669 2022 aetate
711 1948 893 2021 interdum
936 1947 1053 2021 maior
1094 1961 1181 2021 natu
1214 1948 1333 2044 gentis

159 2073 506 2147 Athamantidarum
545 2087 733 2169 tamquam
770 2072 919 2146 victima
955 2074 1027 2146 deo
1061 2072 1285 2145 oflerebatur
1299 2069 1333 2170 ⁴).

161 2199 266 2291 Quae
293 2199 473 2271 sacrificia
501 2198 663 2272 Platonis
690 2212 857 2294 tempore
885 2199 1050 2270 nondum
1070 2198 1177 2294 plane
1197 2197 1333 2270 abolita

161 2323 315 2396 fuerunt.
344 2325 384 2396 ln
414 2322 549 2396 Minois
578 2322 674 2395 enim
704 2322 854 2419 dialogo
872 2320 898 2420 ³³)
926 2322 1017 2396 haec
1041 2322 1211 2420 legimus:
1232 2321 1332 2416 (Min.

160 2474 194 2544 p·
224 2472 298 2542 315
329 2450 371 2546 cl
559 2559 560 2562 Ν

205 2576 268 2636 ἐπεὶ
300 2576 412 2636 αὐτίκα
443 2576 513 2653 ἡμῖν
540 2575 594 2654 μὲν
625 2578 661 2637 οὐ
690 2576 780 2656 νόμος
815 2575 896 2637 ἐστὶν
931 2576 1119 2651 ἀνθρώπους
1150 2576 1238 2636 θύειν
1261 2571 1331 2636 ἀλλ’

160 2686 290 2761 ἀνόσιον,
312 2681 515 2766 Καρχηδόνιοι
536 2681 566 2745 δὲ
586 2686 717 2747 θύουσιν
735 2686 775 2756 ὡς
795 2681 877 2746 ὅσιον
899 2683 934 2746 ὄν
955 2687 1004 2745 καὶ
1024 2685 1151 2762 νόμιμον
1171 2686 1332 2758 αὐτοῖςψη

159 2798 209 2856 καὶ
233 2798 273 2875 μὴ
297 2791 344 2855 ὅτι
369 2795 516 2876 βάρβαροι
542 2792 705 2876 ἄνθρωποι
730 2796 815 2872 ἡμῶν
834 2790 939 2864 ἄλλοις
962 2793 1063 2872 νόμοις
1087 2804 1227 2874 χρῶνται,
1251 2789 1332 2853 ἀλλὰ

160 2907 208 2965 καὶ
237 2905 265 2964 οἱ
296 2903 327 2965 ἓν
357 2904 487 2987 Λυκαίῳ
500 2895 525 2983 6)
559 2898 643 2964 οὗτοι
675 2906 724 2964 καὶ
760 2904 788 2964 ot‘
820 2913 875 2964 τοῦ
899 2902 1108 2982 Ἀθάμαντος
1130 2898 1244 2979 ’ἔκγονοι
1269 2899 1333 2974 οἳας

96 3052 99 3057 -
160 3013 272 3083 θυσίας
295 3013 425 3074 θύουσιν
449 3008 601 3093 Ἓλληνες
626 3011 719 3084 ὄντες.

215 3120 330 3194 Hisce
357 3119 525 3206 cultibus,
553 3119 616 3215 qui
636 3145 764 3193 omnes
779 3119 1107 3193 remotissimorum
1122 3133 1331 3215 temporum

160 3244 313 3342 vestigia
343 3266 568 3331 conservant,
593 3258 677 3341 apte
697 3244 908 3341 adiungitur
926 3245 986 3317 dei
1002 3245 1199 3319 Dodonaei
1214 3245 1333 3318 cultus

198 3499 220 3558 1)
239 3496 279 3545 cf.
299 3498 374 3544 Paus.
393 3495 433 3543 IV
453 3507 510 3557 33,1
533 3511 589 3543 cum
608 3496 683 3543 Paus.
703 3495 771 3544 VIII
790 3495 859 3558 38,3.

197 3590 220 3647 2)
240 3585 278 3633 Cs.
298 3586 374 3634 Paus.
394 3585 434 3632 IV
457 3597 512 3646 19‚3
533 3584 628 3633 Euseb.
647 3599 733 3649 praep.
752 3601 840 3648 evang.
859 3585 899 3632 IV
922 3584 1006 3644 16,12.
1025 3584 1104 3632 Clem.
1116 3583 1188 3632 Alex.
1200 3581 1331 3632 Protr.III

159 3691 184 3739 p.
204 3673 237 3737 36
256 3691 312 3723 cum
332 3673 392 3722 locis
410 3673 477 3738 apud
495 3674 621 3723 Immerw.
640 3673 768 3738 exscriptis
787 3674 836 3738 (K.
856 3691 881 3725 u.
899 3674 937 3722 M.
957 3677 991 3721 A.
1015 3674 1137 3736 10-12).

195 3766 220 3825 3)
239 3763 279 3814 cf.
299 3765 374 3811 Paus,
394 3762 437 3810 IX
457 3773 525 3826 345.
545 3763 642 3811 Herod.
663 3763 730 3810 VIII
753 3773 809 3823 197.
829 3763 913 3813 Schol.
933 3762 1020 3827 Apoll.
1040 3762 1094 3813 Rh.
1115 3765 1177 3825 Arg.
1196 3763 1223 3810 II
1242 3761 1302 3825 653.

195 3855 220 3915 4)
240 3853 278 3902 Cl.
299 3855 396 3903 Herod.
417 3865 441 3902 et
459 3852 546 3919 Apoll.
567 3851 620 3900 Rh.
640 3851 683 3900 l.l.

196 3945 219 4005 5)
239 3943 310 3990 Licet
328 3942 368 3991 hic
386 3943 499 4005 dialogus
518 3941 618 3989 Platoni
636 3941 684 4004 ipsi
704 3957 754 3988 non
772 3943 946 3991 attribuendus
965 3943 1005 3999 sit,
1019 3943 1254 3990 anteeIusaetatem
1265 3950 1331 3989 cette

159 4032 264 4095 scriptus
283 4047 334 4078 uon
352 4024 397 4080 est.
417 4033 457 4082 cf.
477 4034 510 4079 Α;
530 4028 641 4087 Boeclth,
662 4029 821 4087 „Comment
842 4033 867 4079 in
886 4032 951 4080 Plat.
970 4031 1013 4095 qui
1033 4033 1110 4079 fertur
1128 4031 1268 4078 Minoem?

194 4121 219 4182 6)
239 4118 270 4172 ἐν
300 4123 418 4194 Λυκαίῳ
440 4137 484 4184 pro
503 4121 567 4183 vulg.
587 4117 618 4172 ἐν
641 4125 672 4189 τῇ
695 4122 790 4191 Λυκίᾳ
809 4120 942 4182 legendum
960 4128 1023 4184 puto
1042 4136 1098 4168 cum
1120 4119 1255 4168 Welclrero
1275 4118 1329 4180 (Kl.

158 4215 227 4263 Schr.
247 4217 287 4262 Ill
311 4215 377 4278 162).
