3090 4942
748 366 797 434 47

185 559 244 632 alii
263 555 292 659 1)
322 558 455 633 Dictae
484 558 598 631 monti
626 558 724 631 hunc
752 559 934 631 honorem
949 559 1160 633 tribuerunt.
1189 563 1358 635 Necnon

186 684 357 758 Messenii
405 695 476 766 Διός
518 683 738 757 incunabula
778 683 848 757 sibi
889 683 1124 759 vindicabant
1165 712 1281 782 eaque
1322 686 1358 759 in

186 824 309 882 monte
338 809 480 882 Ithome
517 811 703 904 ponebant
720 807 755 906 2).
784 812 976 883 Praeterea
1002 812 1169 885 Arcades
1197 813 1359 908 complu-

184 935 284 1009 ribus
326 934 361 1006 in
402 934 497 1010 locis,
536 934 664 1007 editis:
693 934 729 1005 in
760 936 955 1032 Lycaeone
983 935 1018 1007 in
1047 936 1173 1010 Alesio
1188 937 1224 1008 in
1240 937 1360 1011 Thau-

185 1060 311 1145 masio,
348 1069 420 1141 Διός
480 1072 599 1132 ortum
642 1073 752 1154 atque
806 1060 1060 1134 educationem
1117 1063 1359 1136 celebrabant.

185 1187 245 1256 De
286 1210 359 1278 qua
400 1210 439 1258 re
476 1184 710 1258 lmmerwahr
738 1185 817 1258 luse
845 1199 880 1258 et
908 1185 1068 1258 dilucide
1096 1186 1294 1283 disputavit
1322 1189 1358 1259 in

184 1309 313 1382 studiis
354 1309 499 1405 saepius
541 1309 613 1381 iam
657 1336 679 1382 a
708 1336 766 1383 me
794 1310 950 1383 laudatis
969 1307 1008 1407 3);
1037 1311 1095 1384 cui
1124 1325 1246 1385 tamen
1276 1313 1356 1385 viro

185 1433 333 1507 minime
379 1434 557 1507 assentior
602 1435 806 1530 perhibenti
852 1435 1018 1509 Arcades
1064 1462 1086 1509 a
1132 1437 1358 1512 Cretensium

185 1558 317 1631 fabulis
345 1558 433 1631 nihil
461 1559 611 1631 omnino
640 1573 824 1633 mutuatos
852 1586 931 1634 esse
949 1557 983 1657 4).
1012 1563 1131 1633 Immo
1160 1562 1240 1659 ipsa
1262 1563 1359 1636 loco-

186 1709 265 1756 rum
290 1684 447 1770 nomina‚
467 1684 529 1758 ubi
554 1695 630 1766 Ζεύς
653 1685 801 1758 educari
818 1685 1016 1772 dicebatur,
1031 1687 1255 1760 documento
1271 1687 1358 1760 mihi

184 1822 276 1895 sunt,
317 1834 356 1882 re
392 1835 479 1882 vera
514 1836 535 1883 e
563 1812 671 1885 Creta
694 1821 765 1893 Διός
789 1811 925 1883 cultum
955 1811 990 1882 in
1018 1813 1218 1886 Arcadiam
1247 1827 1359 1886 trans-

184 1934 297 2007 latum
323 1959 411 2008 esse.
434 1937 549 2031 Apud
573 1935 791 2009 Pausaniam
816 1936 912 2008 enim
932 1938 1035 2033 (VIII
1065 1944 1122 2022 28,
1140 1939 1174 2037 2)
1189 1938 1359 2035 legimus:

187 2063 252 2140 Την
288 2057 318 2121 δέ
355 2061 547 2142 Γόρτυνα
582 2064 722 2140 ποταμὸς
759 2060 894 2134 διέξεισιν
929 2065 991 2124 ὑπὸ
1023 2064 1077 2143 μέν
1109 2075 1170 2126 τῶν
1204 2069 1270 2146 πιρὶ
1303 2067 1359 2136 τὰς

186 2171 288 2250 πηγὰς
312 2168 530 2250 ὀνομαζόμενος
547 2173 691 2248 Λούσιος,
714 2172 764 2232 ἐπὶ
788 2168 925 2248 λουτροῖς
948 2169 985 2252 δι’]
1009 2185 1071 2245 τοῖς
1095 2175 1166 2245 Διὸς
1190 2173 1360 2257 τεχθέντος,

185 2280 212 2338 οἱ
236 2275 267 2338 δέ
291 2280 442 2363 ἀπωτέρω
463 2293 525 2343 τῶν
547 2293 657 2362 πηχῶν
678 2277 822 2343 καλοῦσιν
842 2282 905 2340 ἀπὸ
928 2292 981 2362 της
1003 2283 1104 2363 κώμης
1117 2285 1357 2365 Γορτύνιον.

238 2388 287 2459 Et
328 2390 399 2462 alio
426 2391 509 2462 loco
538 2389 636 2486 (Vlll
667 2389 765 2488 38‚2)
793 2388 884 2462 haec
912 2391 1041 2464 habet:
1070 2413 1221 2483 τραφῆναι
1249 2399 1280 2462 δὲ
1304 2405 1359 2464 τὸν

186 2515 243 2574 Διά
276 2519 368 2594 φασὶν
396 2516 427 2578 έν
461 2528 504 2601 τῷ
532 2515 590 2598 ὄρει
624 2518 725 2600 τούτῳ
754 2515 811 2601 (τῷ
844 2515 997 2602 Λνκαίῳ)·
1030 2520 1079 2579 καὶ
1115 2518 1196 2600 χώρα
1221 2517 1254 2579 τέ
1276 2519 1358 2580 ἔστιν

184 2623 215 2685 έν
241 2635 284 2709 τῷ
311 2626 442 2710 Λυκαίῳ
465 2625 628 2707 Κρητέα
656 2623 828 2707 καλουμένη
841 2673 952 2686 ......
977 2630 1026 2687 καὶ
1051 2631 1107 2708 την
1130 2629 1258 2709 Κρήτην
1280 2624 1358 2690 ένθα

183 2735 198 2793 ὁ
232 2738 366 2815 Κρητῶν
397 2731 451 2817 ’έχέι
484 2733 572 2812 λόγος
605 2748 755 2818 τραφῆναι
788 2737 856 2812 Δία,
889 2739 922 2796 τὸ
952 2738 1059 2818 χωρίον
1091 2749 1184 2799 τοῦτο
1209 2733 1282 2800 εἶναι
1307 2741 1357 2799 καὶ

185 2844 221 2903 οὐ
245 2847 302 2925 την
326 2856 417 2924 νῆσον
443 2846 687 2937 ἀμφισβητοῦσιν
710 2847 737 2907 οἱ
760 2843 920 2925 Ἀρκάδες.

236 2952 402 3025 Arcades
444 2967 565 3026 autem
606 2953 736 3027 iniuria
767 2953 862 3026 hanc
891 2953 1101 3049 opinionem
1130 2954 1240 3027 tuitos
1268 2981 1357 3040 esse,

184 3090 223 3148 ut
263 3077 332 3172 ipsi
365 3077 434 3150 sibi
462 3079 618 3175 gloriam
643 3089 715 3162 Λιός
738 3078 964 3152 educationis
992 3079 1226 3165 vindicarent,
1246 3081 1356 3152 mani-

185 3199 316 3274 festum
346 3203 434 3275 mihi
461 3187 639 3277 videtur.¹

239 3325 381 3398 Ultimo
409 3328 492 3399 loco
521 3328 658 3401 mentio
687 3327 854 3402 facienda
873 3342 928 3401 est
948 3341 1020 3410 Διὸς
1044 3335 1228 3417 Ὀλυμπίου,
1251 3329 1356 3402 cuius

185 3448 304 3522 cultus
328 3476 438 3544 quam
459 3453 530 3525 late
548 3479 615 3549 per
633 3467 748 3526 totam
770 3453 964 3528 Graeciam
984 3453 1221 3549 pervulgatus
1241 3453 1356 3539 luerit,

187 3644 399 3653 ——-———

223 3779 245 3830 ι)
265 3770 305 3820 Cl.
324 3771 402 3820 Diod.
421 3772 470 3822 Sic.
490 3773 515 3820 V
537 3782 578 3833 70.
599 3772 692 3822 Athen.
712 3773 755 3820 IX
774 3789 799 3837 p.
820 3782 869 3836 375
885 3774 916 3823 F.
935 3773 1012 3821 Dion.
1024 3773 1196 3826 Halic.1161.
1215 3777 1285 3826 Max.
1295 3777 1354 3840 Tyr.

183 3860 251 3908 Dlss.
271 3861 342 3908 XVI
365 3873 386 3909 1.

221 3952 245 4009 2)
264 3948 306 3999 Cl.
325 3951 399 3999 Paus.
418 3950 459 3999 IV
477 3962 546 4013 33‚1.

219 4040 245 4100 3)
268 4038 342 4089 Imm.
371 4039 407 4087 K.
436 4056 460 4089 u.
488 4041 526 4089 M.
554 4042 587 4089 A.
616 4056 640 4104 p.
671 4052 818 4102 213-222.
839 4041 878 4090 Cl.
899 4041 1010 4089 eiusdem
1031 4043 1137 4090 auctoris
1156 4043 1245 4100 studia,
1265 4044 1355 4107 quibus

185 4127 269 4174 titulus
289 4135 326 4175 cst
346 4127 497 4189 ..Rhcasagc
517 4129 568 4176 und
587 4128 714 4177 Rheacult
733 4131 757 4177 in
776 4128 892 4178 Arkad.'’
912 4130 995 4179 Bonn.
1014 4131 1086 4179 Stud.
1105 4147 1148 4194 pp.
1172 4131 1219 4179 188
1239 4147 1294 4194 sqq.

221 4219 255 4279 4)
276 4217 351 4266 Imm.
371 4234 395 4281 p.
416 4230 480 4265 222:
501 4217 653 4275 „Kretische
672 4217 797 4267 Eiulltisse
814 4219 914 4267 wurden
934 4220 1049 4282 nirgends
1067 4220 1210 4269 ermittelt.”
