3090 4942
725 372 773 440 45

160 580 294 650 torum,
324 563 463 637 maiora
491 576 612 637 autem
642 561 733 637 festa
748 587 894 636 mensos
908 587 987 637 esse
1001 561 1210 636 sacerdotes
1225 559 1337 646 annis

161 691 224 786 qui
252 689 429 764 solstitiali
458 688 758 785 circumaguntur
786 691 884 762 orbe.
913 674 967 761 lta
995 712 1132 761 nonum
1161 687 1337 782 quodque

161 817 293 890 festum
338 815 576 887 daedalorum
621 813 814 900 minorum,
855 839 951 908 quae
992 812 1149 909 septimo
1187 836 1336 906 quoque

161 966 257 1014 anno
285 939 401 1012 lunari
431 941 643 1037 agebantur,
662 963 747 1012 cum
778 939 958 1011 maiorum
973 937 1226 1022 celebratione,
1241 961 1336 1030 quae

161 1065 391 1161 sexagesimo
420 1089 569 1158 quoque
597 1089 693 1136 anno
721 1063 898 1136 solstitiali
927 1063 1048 1148 fiebat,
1071 1061 1236 1134 inunum
1252 1086 1336 1133 con-

162 1189 308 1274 fluebat,
367 1188 572 1261 dummodo
623 1214 812 1262 sumamus
862 1186 1154 1282 unumquodque
1204 1186 1336 1258 daeda-

160 1315 279 1386 lorum
309 1313 491 1386 minorum
520 1338 594 1386 uno
623 1313 683 1386 die
710 1326 793 1385 ante
820 1313 955 1386 iustum
974 1311 1150 1407 temporis
1178 1310 1335 1406 spatium

161 1453 301 1534 septem
331 1463 510 1511 annorum
535 1438 716 1511 lunarium
745 1451 934 1534 peractum
963 1463 1043 1510 esse
1061 1433 1095 1533 ¹).
1124 1439 1201 1509 Iam
1225 1461 1337 1531 supra

162 1563 236 1635 dixi
279 1563 445 1636 Muelleri
488 1563 699 1659 opinionem
742 1588 871 1659 parum
916 1562 1004 1634 mihi
1046 1562 1199 1657 placere.
1245 1561 1337 1652 Quis
1389 1646 1391 1649 .

162 1687 258 1760 enim
290 1688 464 1761 Boeotiae
492 1688 603 1785 genti,
631 1688 736 1761 cuius
765 1687 899 1784 ingenii
928 1687 1080 1760 tarditas
1095 1686 1236 1759 famosa
1250 1711 1338 1758 sane

163 1815 350 1907 quondam
392 1827 477 1899 erat,
519 1826 657 1886 tantam
691 1812 912 1908 astrologiae
939 1811 1127 1885 scientiam
1156 1810 1337 1895 attribuat,

162 1951 202 2009 ut
238 1939 371 2024 credat,
399 1938 489 2011 haec
519 1938 643 2010 omnia
670 1951 744 2010 tam
773 1936 951 2011 subtiliter
979 1939 1026 2009 ab
1054 1936 1096 2009 iis
1124 1947 1338 2031 computata

162 2065 265 2136 esse?
294 2066 494 2149 Praeterea,
523 2063 631 2136 etiam
660 2063 690 2136 si
705 2062 776 2136 hoc
791 2062 1014 2147 omittamus,
1028 2062 1202 2133 nonnulla
1215 2073 1337 2133 tamen

163 2201 298 2261 restant
339 2188 375 2260 in
417 2188 620 2261 Pausaniae
649 2188 864 2272 narratione,
892 2213 987 2281 quae
1015 2201 1143 2259 contra
1171 2184 1337 2259 Muelleri

162 2313 378 2386 sententiam
394 2311 573 2386 frontibus
588 2313 750 2386 adversis
764 2325 978 2408 repugnent.
994 2311 1107 2384 Cuius
1122 2310 1182 2396 rei,
1197 2323 1238 2382 ut
1251 2309 1303 2382 alf
1325 2353 1337 2363 -

164 2463 241 2511 ram
271 2438 489 2533 exemplum,
518 2463 669 2534 prorsus
698 2440 896 2511 obscurum
913 2451 976 2522 est,
991 2462 1065 2531 qua
1079 2436 1218 2508 ratione
1232 2435 1337 2507 inter-

163 2564 341 2659 pretanda
368 2563 439 2637 sint
467 2588 520 2648 ea,
535 2589 630 2658 quae
645 2562 844 2636 Pausanias
859 2562 905 2635 de
920 2561 1198 2657 quatuordecim
1213 2559 1336 2656 signis

163 2701 330 2784 tempore
358 2688 597 2761 daedalorum
628 2687 810 2761 minorum
826 2686 1011 2772 conlectis,
1025 2685 1337 2760 commemoravit.

163 2813 323 2909 Quoque
351 2813 446 2887 enim
477 2813 569 2886 festo
598 2813 738 2886 minore
766 2839 880 2886 unum
909 2812 1181 2886 fabricabantur
1204 2810 1337 2883 daeda-

163 2938 257 3023 lum;
286 2964 376 3035 ergo
403 2938 434 3012 si
463 2938 642 3012 Muellero
670 2937 984 3033 adstipularemur,
1007 2937 1227 3011 sumendum
1242 2948 1337 3008 esset

163 3088 295 3136 novem
324 3077 464 3136 tantum
493 3063 687 3137 simulacra
715 3061 814 3136 lestis
842 3062 1042 3135 maioribus
1057 3075 1202 3157 praesto
1218 3059 1336 3133 fuisse.

218 3188 293 3260 Sed
321 3201 401 3261 utut
425 3202 488 3274 est
516 3187 679 3261 daedalis
708 3187 910 3261 minoribus
938 3200 974 3260 et
988 3186 1188 3259 maioribus
1203 3186 1335 3257 festum

204 3493 225 3551 ι)
244 3489 274 3540 C.
293 3489 325 3538 Ο.
345 3490 457 3547 Mueller,
478 3490 553 3540 Oreh.
573 3508 597 3540 u.
616 3492 641 3541 d.
661 3492 747 3539 Μίη.ς
768 3501 816 3550 217
837 3507 874 3554 sq.
896 3490 974 3553 „Dies
993 3487 1061 3537 tuhrt
1075 3488 1336 3544 ausneunPerioden,

164 3579 240 3627 deren
263 3579 322 3642 jede
349 3595 393 3626 nus
415 3579 501 3628 sieben
520 3579 688 3643 Mondjahren
706 3579 813 3636 besteht,
834 3596 883 3627 von
901 3579 982 3626 denen
998 3577 1120 3641 jedesmal
1138 3577 1183 3626 dns
1202 3577 1275 3626 letzte
1294 3593 1335 3626 um

164 3669 235 3717 einen
263 3669 318 3730 Tag
346 3666 461 3716 verkitrzt
489 3669 590 3718 werden
618 3678 720 3718 musste.
748 3667 821 3716 Nach
850 3667 955 3716 Verlauf
983 3682 1033 3714 von
1058 3666 1145 3715 sieben
1167 3665 1336 3730 Mondjahren

164 3755 226 3822 (6²Jr
254 3755 452 3819 Sonnenjahren)
471 3758 574 3805 feierten
593 3758 634 3806 die
652 3757 752 3805 Plata‘er
770 3758 810 3804 die
829 3756 929 3805 kleinen
947 3755 1076 3812 Dttdalem
1105 3756 1145 3803 bei
1164 3756 1209 3803 der
1228 3765 1335 3803 neunten

164 3847 237 3893 Feier
256 3844 307 3894 tras
322 3846 366 3893 der
384 3844 487 3894 Schluss
506 3846 551 3894 des
570 3846 695 3894 Monden·
714 3846 765 3894 und
778 3844 1081 3908 Sonnenjahresttberein‚
1093 3845 1144 3892 und
1154 3860 1217 3906 ganz
1229 3845 1336 3892 Boonen

164 3935 255 3997 beging
282 3935 326 3982 dus
355 3950 439 3996 grosse
467 3934 637 3983 Dtidalensest.
666 3935 701 3982 So
729 3932 855 3983 betrachte
878 3933 917 3982 ich
936 3934 985 3981 den
1004 3949 1097 3996 ganzen
1116 3933 1207 3997 Cyclus
1226 3933 1262 3981 als
1281 3935 1336 3982 eine

165 4026 329 4088 Festperiode
348 4025 392 4072 der
410 4023 533 4081 Dtidalen,
553 4024 594 4072 die
613 4022 776 4087 Berechnung
794 4023 924 4071 desselben
943 4023 979 4070 als
998 4023 1053 4070 eine
1072 4021 1151 4071 Sache
1163 4023 1207 4070 der
1219 4023 1336 4079 Priester,

165 4115 216 4160 und
235 4115 275 4162 die
294 4117 343 4162 Art
362 4114 405 4161 der
424 4112 605 4162 Interkalation
624 4112 660 4161 als
679 4113 751 4160 einen
771 4112 865 4161 uralten
879 4111 992 4160 Versuch
1005 4113 1029 4159 in
1040 4117 1168 4174 grosseren
1179 4112 1336 4160 Zeitrtiumen

167 4204 214 4251 den
236 4203 425 4267 gewdhnlichen
444 4202 647 4252 Ackerkalender
664 4219 694 4250 zu
711 4201 866 4251 rektificiren.
