<?xml version="1.0" encoding="UTF-8"?>
<!DOCTYPE html PUBLIC "-//W3C//DTD XHTML 1.0 Transitional//EN"
    "http://www.w3.org/TR/xhtml1/DTD/xhtml1-transitional.dtd">
<html xmlns="http://www.w3.org/1999/xhtml" xml:lang="en" lang="en">
 <head>
  <title>
</title>
<meta http-equiv="Content-Type" content="text/html;charset=utf-8" />
  <meta name='ocr-system' content='tesseract 3.04.00' />
  <meta name='ocr-capabilities' content='ocr_page ocr_carea ocr_par ocr_line ocrx_word'/>
</head>
<body>
  <div class='ocr_page' id='page_1' title='image "./dediisinlocised00albegoog_0032.png"; bbox 0 0 3106 4942; ppageno 0'>
   <div class='ocr_carea' id='block_1_1' title="bbox 674 1004 953 1080">
    <p class='ocr_par' dir='ltr' id='par_1_1' title="bbox 674 1004 953 1080">
     <span class='ocr_line' id='line_1_1' title="bbox 674 1004 953 1080; baseline -0.011 0"><span class='ocrx_word' id='word_1_1' title='bbox 674 1004 845 1080; x_wconf 82' lang='lat' dir='ltr'><strong>CAPUT</strong></span> <span class='ocrx_word' id='word_1_2' title='bbox 875 1005 917 1078; x_wconf 89' lang='grc' dir='ltr'>ΙΙ.</span> <span class='ocrx_word' id='word_1_3' title='bbox 951 1048 953 1055; x_wconf 70' lang='lat'>,</span> 
     </span>
    </p>
   </div>
   <div class='ocr_carea' id='block_1_2' title="bbox 312 1243 1269 1328">
    <p class='ocr_par' dir='ltr' id='par_1_2' title="bbox 312 1243 1269 1328">
     <span class='ocr_line' id='line_1_2' title="bbox 312 1243 1269 1328; baseline -0.001 -17"><span class='ocrx_word' id='word_1_4' title='bbox 312 1245 364 1312; x_wconf 89' lang='lat' dir='ltr'>De</span> <span class='ocrx_word' id='word_1_5' title='bbox 388 1244 482 1313; x_wconf 84' lang='lat' dir='ltr'>locis</span> <span class='ocrx_word' id='word_1_6' title='bbox 507 1245 614 1312; x_wconf 79' lang='lat' dir='ltr'>editis</span> <span class='ocrx_word' id='word_1_7' title='bbox 640 1245 755 1313; x_wconf 79' lang='lat' dir='ltr'>sacris</span> <span class='ocrx_word' id='word_1_8' title='bbox 780 1245 876 1328; x_wconf 88' lang='lat' dir='ltr'>apud</span> <span class='ocrx_word' id='word_1_9' title='bbox 902 1243 1064 1313; x_wconf 84' lang='lat' dir='ltr'>Graecos</span> <span class='ocrx_word' id='word_1_10' title='bbox 1086 1245 1269 1312; x_wconf 81' lang='lat' dir='ltr'>universe.</span> 
     </span>
    </p>
   </div>
   <div class='ocr_carea' id='block_1_3' title="bbox 205 1729 1379 3577">
    <p class='ocr_par' dir='ltr' id='par_1_3' title="bbox 206 1729 1378 2076">
     <span class='ocr_line' id='line_1_3' title="bbox 259 1729 1377 1824; baseline 0.001 -23"><span class='ocrx_word' id='word_1_11' title='bbox 259 1729 468 1824; x_wconf 81' lang='lat' dir='ltr'><strong>Antequam</strong></span> <span class='ocrx_word' id='word_1_12' title='bbox 503 1730 550 1802; x_wconf 94' lang='lat' dir='ltr'>de</span> <span class='ocrx_word' id='word_1_13' title='bbox 587 1731 815 1803; x_wconf 88' lang='lat' dir='ltr'>Graecorum</span> <span class='ocrx_word' id='word_1_14' title='bbox 849 1729 949 1802; x_wconf 89' lang='lat' dir='ltr'>clivis</span> <span class='ocrx_word' id='word_1_15' title='bbox 978 1729 1238 1824; x_wconf 84' lang='lat' dir='ltr'>montibusque</span> <span class='ocrx_word' id='word_1_16' title='bbox 1266 1729 1377 1802; x_wconf 92' lang='lat' dir='ltr'>sacris</span> 
     </span>
     <span class='ocr_line' id='line_1_4' title="bbox 206 1854 1378 1952; baseline 0.001 -26"><span class='ocrx_word' id='word_1_17' title='bbox 206 1854 410 1927; x_wconf 81' lang='lat' dir='ltr'>accuratius</span> <span class='ocrx_word' id='word_1_18' title='bbox 438 1880 557 1952; x_wconf 83' lang='lat' dir='ltr'>agam,</span> <span class='ocrx_word' id='word_1_19' title='bbox 585 1855 621 1927; x_wconf 92' lang='lat' dir='ltr'>in</span> <span class='ocrx_word' id='word_1_20' title='bbox 650 1854 858 1927; x_wconf 90' lang='lat' dir='ltr'>universum</span> <span class='ocrx_word' id='word_1_21' title='bbox 888 1855 935 1927; x_wconf 94' lang='lat' dir='ltr'>de</span> <span class='ocrx_word' id='word_1_22' title='bbox 963 1881 1090 1928; x_wconf 90' lang='lat' dir='ltr'>eorum</span> <span class='ocrx_word' id='word_1_23' title='bbox 1118 1880 1254 1952; x_wconf 83' lang='lat' dir='ltr'>genere</span> <span class='ocrx_word' id='word_1_24' title='bbox 1268 1868 1378 1950; x_wconf 91' lang='lat' dir='ltr'>atque</span> 
     </span>
     <span class='ocr_line' id='line_1_5' title="bbox 206 1977 912 2076; baseline 0.001 -26"><span class='ocrx_word' id='word_1_25' title='bbox 206 1977 346 2052; x_wconf 93' lang='lat' dir='ltr'>ratione</span> <span class='ocrx_word' id='word_1_26' title='bbox 373 2005 492 2075; x_wconf 86' lang='lat' dir='ltr'>pauca</span> <span class='ocrx_word' id='word_1_27' title='bbox 519 1981 793 2076; x_wconf 93' lang='lat' dir='ltr'>praemonenda</span> <span class='ocrx_word' id='word_1_28' title='bbox 820 1994 912 2053; x_wconf 91' lang='lat' dir='ltr'>sunt.</span> 
     </span>
    </p>

    <p class='ocr_par' dir='ltr' id='par_1_4' title="bbox 205 2104 1379 3577">
     <span class='ocr_line' id='line_1_6' title="bbox 261 2104 1378 2200; baseline -0.002 -22"><span class='ocrx_word' id='word_1_29' title='bbox 261 2106 517 2200; x_wconf 83' lang='lat' dir='ltr'>Unaquaeque</span> <span class='ocrx_word' id='word_1_30' title='bbox 558 2105 633 2186; x_wconf 86' lang='lat' dir='ltr'>fere</span> <span class='ocrx_word' id='word_1_31' title='bbox 675 2106 762 2178; x_wconf 96' lang='lat' dir='ltr'>urbs</span> <span class='ocrx_word' id='word_1_32' title='bbox 804 2131 925 2178; x_wconf 88' lang='lat' dir='ltr'>arcem</span> <span class='ocrx_word' id='word_1_33' title='bbox 963 2130 1068 2178; x_wconf 93' lang='lat' dir='ltr'>suam</span> <span class='ocrx_word' id='word_1_34' title='bbox 1096 2105 1257 2178; x_wconf 92' lang='lat' dir='ltr'>habebat</span> <span class='ocrx_word' id='word_1_35' title='bbox 1285 2104 1378 2177; x_wconf 91' lang='lat' dir='ltr'>intra</span> 
     </span>
     <span class='ocr_line' id='line_1_7' title="bbox 206 2228 1378 2326; baseline 0.003 -26"><span class='ocrx_word' id='word_1_36' title='bbox 206 2228 307 2301; x_wconf 91' lang='lat' dir='ltr'>urbis</span> <span class='ocrx_word' id='word_1_37' title='bbox 336 2230 489 2303; x_wconf 91' lang='lat' dir='ltr'>moenia.</span> <span class='ocrx_word' id='word_1_38' title='bbox 517 2232 632 2303; x_wconf 83' lang='lat' dir='ltr'><strong>Erant</strong></span> <span class='ocrx_word' id='word_1_39' title='bbox 658 2231 728 2303; x_wconf 94' lang='lat' dir='ltr'>hae</span> <span class='ocrx_word' id='word_1_40' title='bbox 756 2256 858 2304; x_wconf 86' lang='lat' dir='ltr'>arces</span> <span class='ocrx_word' id='word_1_41' title='bbox 885 2231 968 2303; x_wconf 87' lang='lat' dir='ltr'>loca</span> <span class='ocrx_word' id='word_1_42' title='bbox 986 2230 1137 2316; x_wconf 85' lang='lat' dir='ltr'>excelsa,</span> <span class='ocrx_word' id='word_1_43' title='bbox 1160 2231 1378 2326; x_wconf 89' lang='lat' dir='ltr'>plerumque</span> 
     </span>
     <span class='ocr_line' id='line_1_8' title="bbox 206 2349 1378 2452; baseline 0.002 -26"><span class='ocrx_word' id='word_1_44' title='bbox 206 2355 299 2427; x_wconf 91' lang='lat' dir='ltr'>bene</span> <span class='ocrx_word' id='word_1_45' title='bbox 336 2355 484 2442; x_wconf 89' lang='lat' dir='ltr'>munita,</span> <span class='ocrx_word' id='word_1_46' title='bbox 521 2381 616 2450; x_wconf 89' lang='lat' dir='ltr'>quae</span> <span class='ocrx_word' id='word_1_47' title='bbox 652 2356 737 2429; x_wconf 88' lang='lat' dir='ltr'>belli</span> <span class='ocrx_word' id='word_1_48' title='bbox 770 2356 997 2452; x_wconf 85' lang='lat' dir='ltr'>temporibus</span> <span class='ocrx_word' id='word_1_49' title='bbox 1026 2349 1099 2427; x_wconf 93' lang='lat' dir='ltr'>non</span> <span class='ocrx_word' id='word_1_50' title='bbox 1127 2355 1247 2428; x_wconf 91' lang='lat' dir='ltr'>solum</span> <span class='ocrx_word' id='word_1_51' title='bbox 1277 2355 1378 2428; x_wconf 89' lang='lat' dir='ltr'>urbis</span> 
     </span>
     <span class='ocr_line' id='line_1_9' title="bbox 206 2477 1378 2577; baseline 0.003 -27"><span class='ocrx_word' id='word_1_52' title='bbox 206 2477 333 2552; x_wconf 85' lang='lat' dir='ltr'>incolis</span> <span class='ocrx_word' id='word_1_53' title='bbox 374 2479 470 2575; x_wconf 74' lang='lat' dir='ltr'>ipsis</span> <span class='ocrx_word' id='word_1_54' title='bbox 511 2482 577 2554; x_wconf 89' lang='lat' dir='ltr'>sed</span> <span class='ocrx_word' id='word_1_55' title='bbox 616 2481 724 2554; x_wconf 92' lang='lat' dir='ltr'>etiam</span> <span class='ocrx_word' id='word_1_56' title='bbox 767 2481 913 2577; x_wconf 89' lang='lat' dir='ltr'>populis</span> <span class='ocrx_word' id='word_1_57' title='bbox 954 2479 1297 2553; x_wconf 86' lang='lat' dir='ltr'>circumiacentibus</span> <span class='ocrx_word' id='word_1_58' title='bbox 1330 2482 1378 2553; x_wconf 93' lang='lat' dir='ltr'>ab</span> 
     </span>
     <span class='ocr_line' id='line_1_10' title="bbox 205 2601 1378 2702; baseline 0.002 -27"><span class='ocrx_word' id='word_1_59' title='bbox 205 2603 365 2677; x_wconf 92' lang='lat' dir='ltr'>hostium</span> <span class='ocrx_word' id='word_1_60' title='bbox 403 2604 438 2677; x_wconf 92' lang='lat' dir='ltr'>vi</span> <span class='ocrx_word' id='word_1_61' title='bbox 476 2619 586 2700; x_wconf 92' lang='lat' dir='ltr'>atque</span> <span class='ocrx_word' id='word_1_62' title='bbox 623 2601 775 2702; x_wconf 90' lang='lat' dir='ltr'>impetu</span> <span class='ocrx_word' id='word_1_63' title='bbox 790 2619 909 2678; x_wconf 92' lang='lat' dir='ltr'>tutum</span> <span class='ocrx_word' id='word_1_64' title='bbox 938 2608 1156 2702; x_wconf 83' lang='lat' dir='ltr'>praeberent</span> <span class='ocrx_word' id='word_1_65' title='bbox 1185 2604 1378 2701; x_wconf 81' lang='lat' dir='ltr'>refugium.</span> 
     </span>
     <span class='ocr_line' id='line_1_11' title="bbox 207 2729 1377 2826; baseline 0.001 -26"><span class='ocrx_word' id='word_1_66' title='bbox 207 2731 247 2800; x_wconf 89' lang='lat' dir='ltr'>In</span> <span class='ocrx_word' id='word_1_67' title='bbox 261 2729 317 2802; x_wconf 91' lang='lat' dir='ltr'>his</span> <span class='ocrx_word' id='word_1_68' title='bbox 333 2755 482 2825; x_wconf 90' lang='lat' dir='ltr'>quoque</span> <span class='ocrx_word' id='word_1_69' title='bbox 496 2756 760 2826; x_wconf 86' lang='lat' dir='ltr'>saepenumero</span> <span class='ocrx_word' id='word_1_70' title='bbox 776 2731 930 2803; x_wconf 93' lang='lat' dir='ltr'>deorum</span> <span class='ocrx_word' id='word_1_71' title='bbox 945 2731 1082 2826; x_wconf 89' lang='lat' dir='ltr'>templa</span> <span class='ocrx_word' id='word_1_72' title='bbox 1092 2731 1377 2818; x_wconf 86' lang='lat' dir='ltr'>exstruebantur,</span> 
     </span>
     <span class='ocr_line' id='line_1_12' title="bbox 207 2854 1378 2942; baseline 0.002 -17"><span class='ocrx_word' id='word_1_73' title='bbox 207 2854 342 2926; x_wconf 88' lang='lat' dir='ltr'>nullam</span> <span class='ocrx_word' id='word_1_74' title='bbox 384 2854 492 2927; x_wconf 92' lang='lat' dir='ltr'>aliam</span> <span class='ocrx_word' id='word_1_75' title='bbox 527 2857 576 2928; x_wconf 95' lang='lat' dir='ltr'>ob</span> <span class='ocrx_word' id='word_1_76' title='bbox 614 2881 772 2941; x_wconf 91' lang='lat' dir='ltr'>causam,</span> <span class='ocrx_word' id='word_1_77' title='bbox 800 2870 840 2927; x_wconf 96' lang='lat' dir='ltr'>ut</span> <span class='ocrx_word' id='word_1_78' title='bbox 868 2855 1020 2942; x_wconf 93' lang='lat' dir='ltr'>videtur,</span> <span class='ocrx_word' id='word_1_79' title='bbox 1049 2855 1116 2928; x_wconf 92' lang='lat' dir='ltr'>nisi</span> <span class='ocrx_word' id='word_1_80' title='bbox 1145 2869 1185 2927; x_wconf 93' lang='lat' dir='ltr'>ut</span> <span class='ocrx_word' id='word_1_81' title='bbox 1213 2855 1249 2926; x_wconf 94' lang='lat' dir='ltr'>in</span> <span class='ocrx_word' id='word_1_82' title='bbox 1278 2855 1378 2927; x_wconf 92' lang='lat' dir='ltr'>urbis</span> 
     </span>
     <span class='ocr_line' id='line_1_13' title="bbox 206 2978 1379 3077; baseline 0.002 -28"><span class='ocrx_word' id='word_1_83' title='bbox 206 2978 289 3051; x_wconf 88' lang='lat' dir='ltr'>loco</span> <span class='ocrx_word' id='word_1_84' title='bbox 317 2979 499 3052; x_wconf 92' lang='lat' dir='ltr'>tutissimo</span> <span class='ocrx_word' id='word_1_85' title='bbox 520 3005 640 3076; x_wconf 92' lang='lat' dir='ltr'>eoque</span> <span class='ocrx_word' id='word_1_86' title='bbox 660 2980 818 3053; x_wconf 88' lang='lat' dir='ltr'>maxime</span> <span class='ocrx_word' id='word_1_87' title='bbox 842 2980 1043 3077; x_wconf 87' lang='lat' dir='ltr'>conspicuo</span> <span class='ocrx_word' id='word_1_88' title='bbox 1059 2980 1245 3076; x_wconf 89' lang='lat' dir='ltr'>aptissime</span> <span class='ocrx_word' id='word_1_89' title='bbox 1259 2992 1379 3053; x_wconf 91' lang='lat' dir='ltr'>essent</span> 
     </span>
     <span class='ocr_line' id='line_1_14' title="bbox 207 3101 1378 3202; baseline 0.001 -26"><span class='ocrx_word' id='word_1_90' title='bbox 207 3104 386 3177; x_wconf 89' lang='lat' dir='ltr'>collocata</span> <span class='ocrx_word' id='word_1_91' title='bbox 403 3101 437 3202; x_wconf 81' lang='lat'>1).</span> <span class='ocrx_word' id='word_1_92' title='bbox 475 3107 529 3178; x_wconf 91' lang='lat' dir='ltr'>Ita</span> <span class='ocrx_word' id='word_1_93' title='bbox 561 3105 803 3179; x_wconf 83' lang='lat' dir='ltr'>Athenienses</span> <span class='ocrx_word' id='word_1_94' title='bbox 832 3104 917 3178; x_wconf 90' lang='lat' dir='ltr'>inde</span> <span class='ocrx_word' id='word_1_95' title='bbox 945 3131 968 3178; x_wconf 93' lang='lat' dir='ltr'>a</span> <span class='ocrx_word' id='word_1_96' title='bbox 994 3105 1122 3201; x_wconf 88' lang='lat' dir='ltr'>priscis</span> <span class='ocrx_word' id='word_1_97' title='bbox 1150 3105 1378 3201; x_wconf 89' lang='lat' dir='ltr'>temporibus</span> 
     </span>
     <span class='ocr_line' id='line_1_15' title="bbox 205 3227 1377 3327; baseline 0.001 -26"><span class='ocrx_word' id='word_1_98' title='bbox 205 3242 350 3324; x_wconf 91' lang='lat' dir='ltr'>praeter</span> <span class='ocrx_word' id='word_1_99' title='bbox 387 3231 494 3302; x_wconf 94' lang='lat' dir='ltr'>deam</span> <span class='ocrx_word' id='word_1_100' title='bbox 533 3231 722 3304; x_wconf 90' lang='lat' dir='ltr'>tutelarem</span> <span class='ocrx_word' id='word_1_101' title='bbox 761 3231 888 3326; x_wconf 92' lang='lat' dir='ltr'>ipsam,</span> <span class='ocrx_word' id='word_1_102' title='bbox 922 3238 1070 3322; x_wconf 73' lang='grc' dir='ltr'><strong><em>Ἐρεχθέα</em></strong></span> <span class='ocrx_word' id='word_1_103' title='bbox 1093 3244 1129 3303; x_wconf 95' lang='lat' dir='ltr'>et</span> <span class='ocrx_word' id='word_1_104' title='bbox 1153 3237 1333 3302; x_wconf 71' lang='grc' dir='ltr'><em>Ποσειδῶνα</em></span> <span class='ocrx_word' id='word_1_105' title='bbox 1352 3227 1377 3327; x_wconf 83' lang='grc'>2)</span> 
     </span>
     <span class='ocr_line' id='line_1_16' title="bbox 206 3353 1377 3451; baseline 0.001 -27"><span class='ocrx_word' id='word_1_106' title='bbox 206 3354 242 3424; x_wconf 96' lang='lat' dir='ltr'>in</span> <span class='ocrx_word' id='word_1_107' title='bbox 271 3380 354 3427; x_wconf 90' lang='lat' dir='ltr'>arce</span> <span class='ocrx_word' id='word_1_108' title='bbox 381 3357 656 3444; x_wconf 90' lang='lat' dir='ltr'>venerabantur,</span> <span class='ocrx_word' id='word_1_109' title='bbox 685 3355 819 3451; x_wconf 89' lang='lat' dir='ltr'>quibus</span> <span class='ocrx_word' id='word_1_110' title='bbox 846 3367 976 3450; x_wconf 90' lang='lat' dir='ltr'>postea</span> <span class='ocrx_word' id='word_1_111' title='bbox 998 3354 1057 3426; x_wconf 89' lang='lat' dir='ltr'>alii</span> <span class='ocrx_word' id='word_1_112' title='bbox 1081 3354 1140 3427; x_wconf 89' lang='lat' dir='ltr'>dei</span> <span class='ocrx_word' id='word_1_113' title='bbox 1154 3354 1254 3427; x_wconf 93' lang='lat' dir='ltr'>haud</span> <span class='ocrx_word' id='word_1_114' title='bbox 1268 3353 1377 3449; x_wconf 87' lang='lat' dir='ltr'>pauci</span> 
     </span>
     <span class='ocr_line' id='line_1_17' title="bbox 206 3477 1378 3577; baseline 0.001 -26"><span class='ocrx_word' id='word_1_115' title='bbox 206 3477 510 3577; x_wconf 83' lang='lat' dir='ltr'>adiungebantur.</span> <span class='ocrx_word' id='word_1_116' title='bbox 552 3483 651 3554; x_wconf 94' lang='lat' dir='ltr'>Nam</span> <span class='ocrx_word' id='word_1_117' title='bbox 693 3480 765 3554; x_wconf 86' lang='lat' dir='ltr'>hoc</span> <span class='ocrx_word' id='word_1_118' title='bbox 807 3477 956 3575; x_wconf 91' lang='lat' dir='ltr'>quoque</span> <span class='ocrx_word' id='word_1_119' title='bbox 984 3504 1094 3574; x_wconf 89' lang='lat' dir='ltr'>saepe</span> <span class='ocrx_word' id='word_1_120' title='bbox 1122 3478 1200 3551; x_wconf 79' lang='lat' dir='ltr'>fieri</span> <span class='ocrx_word' id='word_1_121' title='bbox 1228 3479 1378 3565; x_wconf 89' lang='lat' dir='ltr'>solebat,</span> 
     </span>
    </p>
   </div>
   <div class='ocr_carea' id='block_1_4' title="bbox 206 3689 1378 4130">
    <p class='ocr_par' dir='ltr' id='par_1_5' title="bbox 206 3689 1378 3953">
     <span class='ocr_line' id='line_1_18' title="bbox 246 3689 1378 3767; baseline 0.004 -28"><span class='ocrx_word' id='word_1_122' title='bbox 246 3689 270 3760; x_wconf 90' lang='lat'>1)</span> <span class='ocrx_word' id='word_1_123' title='bbox 288 3693 329 3740; x_wconf 88' lang='lat' dir='ltr'>De</span> <span class='ocrx_word' id='word_1_124' title='bbox 347 3709 396 3757; x_wconf 87' lang='lat' dir='ltr'>qua</span> <span class='ocrx_word' id='word_1_125' title='bbox 424 3709 450 3741; x_wconf 87' lang='lat' dir='ltr'>re</span> <span class='ocrx_word' id='word_1_126' title='bbox 467 3693 530 3743; x_wconf 88' lang='lat' dir='ltr'>haec</span> <span class='ocrx_word' id='word_1_127' title='bbox 548 3694 653 3758; x_wconf 87' lang='lat' dir='ltr'>legimus</span> <span class='ocrx_word' id='word_1_128' title='bbox 671 3695 739 3759; x_wconf 89' lang='lat' dir='ltr'>apud</span> <span class='ocrx_word' id='word_1_129' title='bbox 757 3692 880 3758; x_wconf 90' lang='lat' dir='ltr'>Xenoph.</span> <span class='ocrx_word' id='word_1_130' title='bbox 899 3693 978 3740; x_wconf 90' lang='lat' dir='ltr'>Mem.</span> <span class='ocrx_word' id='word_1_131' title='bbox 998 3692 1076 3750; x_wconf 87' lang='lat'>1118,</span> <span class='ocrx_word' id='word_1_132' title='bbox 1094 3706 1141 3743; x_wconf 88' lang='lat'>10:</span> <span class='ocrx_word' id='word_1_133' title='bbox 1161 3694 1252 3752; x_wconf 82' lang='grc' dir='ltr'>Ναοῖς</span> <span class='ocrx_word' id='word_1_134' title='bbox 1273 3711 1304 3767; x_wconf 77' lang='grc' dir='ltr'>γε</span> <span class='ocrx_word' id='word_1_135' title='bbox 1323 3691 1378 3762; x_wconf 71' lang='grc' dir='ltr'>μήν</span> 
     </span>
     <span class='ocr_line' id='line_1_19' title="bbox 208 3778 1377 3861; baseline 0.003 -24"><span class='ocrx_word' id='word_1_136' title='bbox 208 3787 255 3838; x_wconf 74' lang='grc' dir='ltr'>καὶ</span> <span class='ocrx_word' id='word_1_137' title='bbox 287 3789 391 3856; x_wconf 74' lang='grc' dir='ltr'><em>βωμοῖς</em></span> <span class='ocrx_word' id='word_1_138' title='bbox 424 3784 519 3861; x_wconf 75' lang='grc' dir='ltr'><strong><em>χώραν</em></strong></span> <span class='ocrx_word' id='word_1_139' title='bbox 550 3778 602 3858; x_wconf 66' lang='grc' dir='ltr'>’ἔφη</span> <span class='ocrx_word' id='word_1_140' title='bbox 623 3781 698 3842; x_wconf 79' lang='grc' dir='ltr'><strong><em>εἶναι</em></strong></span> <span class='ocrx_word' id='word_1_141' title='bbox 722 3786 973 3861; x_wconf 67' lang='grc' dir='ltr'><strong><em>πρεπωδεστάτην,</em></strong></span> <span class='ocrx_word' id='word_1_142' title='bbox 997 3785 1060 3857; x_wconf 68' lang='grc' dir='ltr'>ἥτις</span> <span class='ocrx_word' id='word_1_143' title='bbox 1081 3785 1282 3858; x_wconf 77' lang='grc' dir='ltr'><em>ἐμφανεστάτη</em></span> <span class='ocrx_word' id='word_1_144' title='bbox 1303 3779 1377 3841; x_wconf 72' lang='grc' dir='ltr'><em>οὖσα</em></span> 
     </span>
     <span class='ocr_line' id='line_1_20' title="bbox 206 3877 483 3953; baseline 0.011 -22"><span class='ocrx_word' id='word_1_145' title='bbox 206 3877 406 3952; x_wconf 77' lang='grc' dir='ltr'>ἀστιβεστάτη</span> <span class='ocrx_word' id='word_1_146' title='bbox 427 3883 483 3953; x_wconf 79' lang='grc' dir='ltr'>εἴη.</span> 
     </span>
    </p>

    <p class='ocr_par' dir='ltr' id='par_1_6' title="bbox 242 3976 723 4041">
     <span class='ocr_line' id='line_1_21' title="bbox 242 3976 723 4041; baseline 0 -17"><span class='ocrx_word' id='word_1_147' title='bbox 242 3976 281 4025; x_wconf 88' lang='lat' dir='ltr'>Cf.</span> <span class='ocrx_word' id='word_1_148' title='bbox 300 3985 425 4041; x_wconf 86' lang='lat' dir='ltr'>praeterea</span> <span class='ocrx_word' id='word_1_149' title='bbox 444 3979 543 4027; x_wconf 90' lang='lat' dir='ltr'>Vitruv.</span> <span class='ocrx_word' id='word_1_150' title='bbox 563 3978 576 4026; x_wconf 96' lang='lat' dir='ltr'>I</span> <span class='ocrx_word' id='word_1_151' title='bbox 596 3987 619 4038; x_wconf 92' lang='lat'>7.</span> <span class='ocrx_word' id='word_1_152' title='bbox 638 3978 679 4026; x_wconf 89' lang='lat' dir='ltr'>IV</span> <span class='ocrx_word' id='word_1_153' title='bbox 700 3987 723 4040; x_wconf 87' lang='lat'>5.</span> 
     </span>
    </p>

    <p class='ocr_par' dir='ltr' id='par_1_7' title="bbox 243 4066 1376 4130">
     <span class='ocr_line' id='line_1_22' title="bbox 243 4066 1376 4130; baseline 0.002 -18"><span class='ocrx_word' id='word_1_154' title='bbox 243 4068 267 4127; x_wconf 87' lang='lat'>2)</span> <span class='ocrx_word' id='word_1_155' title='bbox 290 4067 430 4114; x_wconf 86' lang='lat' dir='ltr'>Amborum</span> <span class='ocrx_word' id='word_1_156' title='bbox 458 4068 561 4115; x_wconf 87' lang='lat' dir='ltr'>deorum</span> <span class='ocrx_word' id='word_1_157' title='bbox 588 4066 669 4115; x_wconf 90' lang='lat' dir='ltr'>cultus</span> <span class='ocrx_word' id='word_1_158' title='bbox 696 4073 785 4130; x_wconf 84' lang='lat' dir='ltr'>postea</span> <span class='ocrx_word' id='word_1_159' title='bbox 812 4073 863 4113; x_wconf 84' lang='lat' dir='ltr'>tam</span> <span class='ocrx_word' id='word_1_160' title='bbox 891 4072 943 4114; x_wconf 86' lang='lat' dir='ltr'>arte</span> <span class='ocrx_word' id='word_1_161' title='bbox 970 4066 1118 4125; x_wconf 88' lang='lat' dir='ltr'>coaluerunt,</span> <span class='ocrx_word' id='word_1_162' title='bbox 1139 4075 1166 4115; x_wconf 92' lang='lat' dir='ltr'>ut</span> <span class='ocrx_word' id='word_1_163' title='bbox 1184 4084 1278 4115; x_wconf 92' lang='lat' dir='ltr'>novum</span> <span class='ocrx_word' id='word_1_164' title='bbox 1297 4067 1376 4130; x_wconf 94' lang='lat' dir='ltr'>quod-</span> 
     </span>
    </p>
   </div>
   <div class='ocr_carea' id='block_1_5' title="bbox 206 4154 1375 4307">
    <p class='ocr_par' dir='ltr' id='par_1_8' title="bbox 206 4154 1375 4307">
     <span class='ocr_line' id='line_1_23' title="bbox 206 4154 1375 4229; baseline 0.001 -28"><span class='ocrx_word' id='word_1_165' title='bbox 206 4154 264 4202; x_wconf 87' lang='lat' dir='ltr'>dam</span> <span class='ocrx_word' id='word_1_166' title='bbox 292 4170 384 4203; x_wconf 87' lang='lat' dir='ltr'>numen</span> <span class='ocrx_word' id='word_1_167' title='bbox 412 4156 565 4211; x_wconf 61' lang='lat' dir='ltr'>Hecatom</span> <span class='ocrx_word' id='word_1_168' title='bbox 586 4154 752 4229; x_wconf 72' lang='grc' dir='ltr'>Ἐρεχθεύς</span> <span class='ocrx_word' id='word_1_169' title='bbox 781 4170 810 4202; x_wconf 88' lang='lat' dir='ltr'>ex</span> <span class='ocrx_word' id='word_1_170' title='bbox 840 4156 870 4202; x_wconf 91' lang='lat' dir='ltr'>iis</span> <span class='ocrx_word' id='word_1_171' title='bbox 899 4163 981 4202; x_wconf 90' lang='lat' dir='ltr'>ortum</span> <span class='ocrx_word' id='word_1_172' title='bbox 1009 4157 1050 4204; x_wconf 86' lang='lat' dir='ltr'>sit.</span> <span class='ocrx_word' id='word_1_173' title='bbox 1079 4156 1117 4204; x_wconf 83' lang='lat' dir='ltr'>Cf.</span> <span class='ocrx_word' id='word_1_174' title='bbox 1146 4156 1302 4206; x_wconf 85' lang='lat' dir='ltr'>Prell.-Rob.</span> <span class='ocrx_word' id='word_1_175' title='bbox 1332 4157 1375 4204; x_wconf 91' lang='lat' dir='ltr'>Gr.</span> 
     </span>
     <span class='ocr_line' id='line_1_24' title="bbox 206 4241 436 4307; baseline 0.004 -16"><span class='ocrx_word' id='word_1_176' title='bbox 206 4241 309 4306; x_wconf 81' lang='lat' dir='ltr'>Myth.⁴</span> <span class='ocrx_word' id='word_1_177' title='bbox 330 4256 379 4306; x_wconf 82' lang='lat'>²03</span> <span class='ocrx_word' id='word_1_178' title='bbox 399 4259 436 4307; x_wconf 90' lang='lat' dir='ltr'>sq.</span> 
     </span>
    </p>
   </div>
   <div class='ocr_carea' id='block_1_6' title="bbox 0 0 1558 4942">
    <p class='ocr_par' dir='ltr' id='par_1_9' title="bbox 0 0 1558 4942">
     <span class='ocr_line' id='line_1_25' title="bbox 0 0 1558 4942; baseline 0 0"><span class='ocrx_word' id='word_1_179' title='bbox 0 0 1558 4942; x_wconf 95' lang='lat' dir='ltr'> </span> 
     </span>
    </p>
   </div>
  </div>
 </body>
</html>
