3090 4942
749 350 794 438 58

236 558 320 642 Sed,
348 584 393 632 ne
420 558 566 654 longius
594 584 616 630 a
642 559 834 656 proposito
863 572 988 632 nostro
1008 561 1229 645 aberremus,
1244 574 1356 633 trans·

182 709 308 757 eamus
349 683 421 755 iam
464 684 511 756 ad
553 697 723 779 quartum
766 685 886 770 deum,
929 685 991 779 qui
1033 710 1144 781 saepe
1172 684 1268 758 inter
1292 710 1355 758 nu-

184 807 282 881 mina
309 808 505 905 pastoricia
532 808 696 893 habetur,
720 816 915 882 Ἀπόλλωνα
938 809 1032 882 dice.

479 1165 529 1212 nn
552 1146 759 1222 ’Λπόλλωνος
780 1165 1064 1214 vnnnunrroun.

237 1451 310 1525 Hic
334 1452 434 1536 deus,
461 1452 545 1524 licet
559 1451 712 1525 fortasse
731 1451 993 1548 antiquissimis
1008 1453 1237 1549 temporibus
1256 1480 1357 1551 prae·

183 1577 290 1673 cipue
332 1577 493 1673 pecudes
526 1577 755 1650 custodiendi
794 1603 943 1650 munere
981 1577 1127 1652 functus
1160 1579 1214 1665 sit,
1229 1577 1253 1678 1)
1282 1605 1357 1653 non

182 1702 277 1775 hanc
307 1704 355 1774 ob
385 1727 533 1775 causam
563 1702 598 1774 in
627 1716 681 1775 tot
708 1702 797 1775 locis
826 1703 932 1776 editis
961 1703 1079 1776 cultus
1108 1729 1187 1777 esse
1205 1704 1358 1778 videtur.

185 1829 284 1899 Nam
314 1852 397 1899 eum
428 1841 578 1923 propter
605 1826 675 1900 hoc
709 1827 872 1900 officium
901 1829 1084 1924 pastorale
1112 1828 1148 1901 in
1172 1830 1358 1904 montibus

184 1953 377 2025 adoratum
393 1977 481 2038 esse,
491 1952 628 2048 paucis
638 1978 684 2024 ne
694 1952 814 2025 dicam
827 1952 932 2026 nullis
943 1952 1156 2026 testimoniis
1171 1955 1358 2050 probatur.

238 2077 401 2149 Primum
440 2077 546 2163 enim,
587 2079 689 2172 quod
724 2077 850 2150 attinet
878 2079 924 2150 ad
949 2085 1145 2151 Ἀπόλλωνα
1169 2086 1357 2167 Mutantur,

185 2202 247 2298 qui
294 2202 329 2274 in
357 2202 546 2299 Argolidis
589 2215 712 2275 monte
749 2215 909 2298 Κυωορτίῳ
942 2201 1120 2298 templum
1148 2202 1308 2276 habebat
1322 2199 1356 2303 ἲ),

184 2327 352 2401 dubitant
384 2328 606 2423 interpretes
633 2327 789 2400 lateatne
817 2326 852 2399 in
881 2327 952 2399 hoc
980 2326 1128 2399 nomine
1155 2353 1227 2399 vox
1259 2335 1356 2418 μῆλον

189 2479 401 2549 «pomum»,
438 2479 483 2526 an
520 2459 617 2544 μῆλον
657 2452 798 2537 «0vis»;
845 2452 903 2524 alii
945 2451 1056 2548 igitur
1096 2451 1196 2524 illum
1244 2452 1354 2524 deum

185 2604 252 2674 pro
303 2578 452 2651 numine
502 2577 646 2663 habent,
693 2578 794 2672 quod
840 2576 1093 2673 agriculturae,
1139 2575 1207 2662 alii,
1254 2577 1354 2671 quod

184 2703 389 2799 pecudibus
457 2702 576 2775 faveat
603 2699 637 2802 3).
701 2703 776 2776 Sed
836 2702 908 2774 iam
969 2728 1000 2773 V.
1060 2701 1354 2775 Wilamowitz—

185 2827 445 2901 Moellendorfl
471 2824 496 2926 4)
538 2827 708 2923 probavit
746 2840 800 2899 τὸν
834 2833 1013 2898 Maleum
1049 2826 1211 2922 priscum
1245 2828 1356 2901 luisse

223 3048 245 3106 r)
264 3045 302 3093 cf.
331 3060 353 3093 e.
371 3061 395 3106 g.
422 3045 453 3091 Ε.
474 3043 571 3104 Meyer,
592 3042 681 3090 Geseli.
701 3043 726 3092 d.
745 3042 854 3091 Alterth.
874 3043 908 3091 II.
933 3041 995 3089 106:
1018 3042 1083 3100 „Die
1101 3041 1203 3092 niichste
1222 3044 1293 3092 Stuse
1312 3044 1355 3091 der

184 3134 271 3183 Cultnr
297 3133 448 3181 bezeichnen
476 3133 516 3179 die
536 3131 716 3193 Hirtengbtten
743 3148 787 3180 vor
805 3131 877 3180 ollem
897 3130 1020 3195 Apollon,
1039 3130 1083 3178 der
1102 3132 1164 3179 Gott
1182 3132 1226 3179 der
1246 3131 1356 3180 Weiden

111 3248 113 3253 v
184 3225 235 3271 und
263 3224 367 3279 Tristem
387 3223 431 3269 der
450 3222 559 3269 Widder
582 3221 633 3268 und
651 3217 759 3268 Schnle”
778 3221 900 3291 (νόμως,
921 3224 1049 3281 ναπαῖος,
1073 3224 1208 3294 καρνεῖος,
1228 3221 1356 3292 paleisve,

183 3319 244 3367 oder
264 3317 430 3388 μαλεάτας),
450 3315 489 3368 Cl.
509 3316 583 3362 etiam
603 3330 659 3378 pag.
680 3325 712 3376 97
733 3314 844 3362 eiusdem
865 3315 928 3363 libri.

219 3414 297 3462 Haud
327 3412 426 3476 illepide
445 3420 528 3460 tamen
547 3410 692 3459 Macrobius
712 3411 845 3459 coniecisse
864 3409 924 3457 mihi
944 3411 1042 3458 videtur
1057 3409 1167 3458 olticium
1192 3411 1252 3459 illud
1271 3419 1354 3475 pasto-

183 3503 269 3551 ricium
298 3518 348 3549 non
376 3502 422 3549 nisi
450 3501 563 3562 exiguam
592 3515 646 3547 esse
674 3509 769 3563 partem
797 3499 907 3547 muneris
936 3500 977 3547 dei
999 3499 1099 3548 solaris:
1128 3501 1221 3560 [Satl
1244 3509 1282 3560 17,
1300 3499 1355 3563 43.)

184 3591 318 3662 „Noptov
348 3590 515 3643 Ἀπόλλωνα
544 3589 788 3651 cognominaverunt,
821 3605 871 3637 non
900 3604 929 3636 ex
957 3587 1040 3636 officio
1068 3588 1185 3652 pastorali
1213 3598 1239 3637 et
1265 3588 1355 3647 sabula,

183 3702 319 3751 perquam
339 3685 439 3748 fingitur
457 3686 560 3733 Admeti
580 3685 642 3748 regis
661 3700 751 3748 pecora
770 3685 877 3749 pavisse,
897 3684 942 3732 sed
960 3685 1018 3747 quin
1036 3682 1073 3732 sol
1092 3684 1172 3748 pascit
1190 3685 1356 3748 omnia‚quae

184 3787 245 3825 terra
266 3783 425 3840 progenerat:
446 3775 512 3823 unde
534 3789 584 3821 non
603 3774 676 3822 nnius
695 3776 799 3836 generis,
819 3774 863 3823 sed
882 3773 994 3821 omnium
1013 3789 1130 3837 pecorum
1149 3783 1234 3838 pastor
1251 3775 1354 3832 canitur,

184 3876 210 3915 ut
225 3867 291 3930 apud
310 3866 451 3912 Homerum
470 3865 592 3927 Neptuno
611 3863 725 3912 dicente:

356 3950 452 4024 Φοῖβε,
473 3952 510 4006 σύ
531 3951 556 4006 δ’
568 3949 719 4013 εἰλίποδας
739 3949 839 4013 ἕλικας
860 3949 930 4023 βοῦς
950 3949 1191 4020 βουκολέεσκες.”

220 4052 244 4112 2)
262 4050 301 4098 Cf.
321 4051 396 4098 Paus.
415 4050 441 4096 II
462 4058 530 4109 27‚7.

219 4141 246 4202 3)
266 4140 354 4196 wide,
373 4138 436 4188 Lalr.
455 4138 529 4188 Kult.
546 4150 588 4198 92.

219 4234 244 4293 4)
263 4230 297 4278 U.
317 4245 340 4278 v.
360 4227 571 4285 Wilunr.·Moell.,
591 4227 659 4291 Isyll.
669 4244 692 4275 v.
706 4228 781 4292 Epid.
791 4244 816 4292 p.
828 4227 860 4288 98
872 4243 909 4290 sq.
922 4227 961 4274 Cr.
972 4227 1008 4276 H.
1018 4226 1122 4283 Usener,
1135 4227 1248 4276 thtern.
1263 4225 1319 4289 146.
