3090 4942
522 665 584 738 DE
607 677 721 756 Ἑρμου
745 689 1028 738 VENERA'nouE.

722 905 829 918 ——Q

239 1098 351 1174 Ἑρμῆς
374 1109 532 1178 quoque,
561 1084 624 1179 qui
653 1109 770 1181 aeque
798 1110 841 1157 ac
868 1100 942 1157 Πᾶν
967 1084 1163 1181 praecipue
1177 1085 1361 1158 Arcadiae

187 1207 394 1304 pastoribus
419 1233 524 1282 carus
548 1224 632 1297 erat,
656 1235 766 1305 quem
792 1209 941 1305 quidem
966 1210 1077 1282 deum
1093 1210 1361 1305 quadamtenus

187 1358 255 1405 suo
284 1333 367 1404 loco
396 1334 579 1429 depulisse
607 1335 751 1408 videtur
770 1331 804 1435 1),
833 1347 975 1407 montes
998 1334 1180 1407 saltuosos
1194 1336 1360 1421 amabat;

188 1457 362 1551 quocirca
386 1458 421 1530 in
442 1459 628 1533 montibus
647 1474 753 1533 natus
777 1474 887 1555 atque
906 1459 1060 1532 nutritus
1075 1484 1155 1532 esse
1169 1459 1361 1534 ferebatur.

188 1583 249 1653 Ab
291 1583 499 1655 Arcadibus
542 1585 600 1657 dei
643 1585 826 1658 cunabula
859 1584 1049 1657 dicebatur
1077 1583 1234 1681 Cyllene,
1263 1586 1362 1658 unde

188 1706 247 1779 vix
275 1733 412 1803 paucas
439 1708 549 1782 horas
577 1724 702 1782 natum
732 1709 854 1782 furtim
885 1709 1120 1806 effugientem
1138 1734 1222 1782 eum
1238 1734 1362 1782 excur-

187 1831 290 1904 sione
331 1846 509 1906 nocturna
549 1835 732 1931 Apollinis
769 1836 884 1907 boves
911 1834 1129 1931 surripuisse
1157 1836 1361 1922 narrabant,

188 1982 262 2050 quo
305 1956 377 2029 iam
420 1984 442 2030 a
483 1960 586 2031 cunis
629 1959 789 2032 indolem
832 1959 1000 2032 callidam
1039 1973 1148 2054 atque
1176 1974 1359 2032 versutam

188 2080 409 2177 patefaceret
427 2080 461 2181 2).
504 2085 543 2154 ln
581 2110 727 2157 summo
757 2083 891 2157 montis
919 2084 1054 2156 vertice
1082 2084 1359 2158 celeberrimum

185 2207 362 2301 templum
392 2221 471 2279 erat
494 2221 608 2300 Ἑρμοο
632 2215 831 2300 Κυλλῆνίονι
855 2207 920 2306 (Cf.
950 2211 1055 2282 Paus.
1083 2210 1169 2281 Vlll
1205 2231 1259 2298 17,
1293 2214 1333 2309 1).

231 2335 328 2392 Mar&
360 2332 390 2392 δὲ
422 2344 477 2394 τοῦ
506 2333 658 2395 Αἰπύτου
690 2336 744 2396 τὸν
776 2335 876 2413 τάφον
906 2334 973 2416 ὄρος
998 2358 1028 2394 τε
1055 2331 1256 2415 ὑψηλότατον
1280 2337 1357 2416 ὀρῶν

186 2452 248 2502 τῶν
275 2441 306 2502 ἓν
339 2439 498 2527 Ἀρκαδίᾳ
529 2439 679 2524 Κυλλήνη
708 2445 758 2503 καὶ
789 2445 904 2525 Ἑρμοῦ
927 2440 1107 2524 Κυλληνίου
1131 2443 1359 2525 κατερριμμένος

184 2551 255 2621 ναός
277 2550 359 2612 ἔστιν
381 2551 431 2612 tut
455 2563 570 2634 κορυφῇ
592 2563 648 2613 τοῦ
671 2546 803 2633 ὄρουςθ).

240 2659 354 2731 Haud
383 2659 512 2754 procul
541 2685 562 2732 a
591 2660 740 2757 Cyllene
762 2673 877 2753 Ἑρμῆν
892 2686 1018 2734 recens
1034 2675 1159 2734 natum
1175 2662 1361 2758 nymphae

184 2782 342 2856 abluisse
370 2783 585 2857 dicebantur
613 2784 718 2879 aquis
746 2784 855 2859 trium
885 2785 1050 2872 fontium,
1070 2812 1092 2858 a
1111 2785 1245 2880 quibus
1261 2811 1360 2859 mon-

183 2922 247 2993 tes,
275 2908 337 2981 ubi
367 2909 600 3005 profluebant
619 2908 746 2996 fontes,
774 2922 923 3002 Τρίκρῆνῆ
947 2920 1001 3002 ὄρῆ
1024 2910 1308 2983 nominabantur
1326 2907 1359 3009 ⁴).

237 3035 385 3105 Praeter
412 3034 578 3108 Arcades
603 3035 744 3107 Boeotii
773 3060 922 3129 quoque
950 3060 1038 3131 prae
1065 3061 1105 3107 se
1132 3034 1305 3120 ferebant,
1324 3035 1359 3106 in
1417 3081 1420 3085 -
1469 3049 1474 3061 “

183 3157 259 3228 suis
288 3158 473 3231 montibus
498 3172 613 3250 Ἑρμῆν
636 3174 761 3232 natum
791 3185 878 3232 esse.
906 3159 1111 3256 Tanagraei
1140 3159 1235 3232 enim
1252 3160 1360 3256 Cery-

184 3281 281 3353 cium
312 3297 473 3355 montem
502 3283 595 3356 hanc
625 3286 674 3356 ob
703 3310 779 3356 rem
808 3309 952 3357 sacrum
981 3284 1165 3361 habebant
1183 3280 1216 3379 λ).

236 3420 352 3500 Ἑρμῆν
375 3432 531 3503 puerum
561 3409 597 3480 in
626 3409 719 3481 colle
746 3408 925 3481 Acacesio
954 3408 1150 3481 enutritum
1177 3407 1288 3482 fuisse
1310 3409 1358 3480 ab

222 3681 244 3734 ι)
263 3678 303 3726 Cf.
323 3676 458 3733 Immerw.,
477 3675 513 3723 K.
533 3691 557 3724 u.
577 3677 615 3722 M.
635 3678 670 3724 A.
681 3687 713 3737 93
735 3691 772 3739 sq.

220 3767 246 3829 2)
266 3767 339 3815 Haec
357 3765 440 3813 fabula
459 3764 631 3813 venustissime
650 3772 761 3812 narratur
778 3764 810 3811 ab
831 3764 944 3812 Homero
962 3764 1068 3829 (Hymn.
1087 3765 1113 3814 in
1132 3765 1210 3814 Merc.
1231 3765 1263 3828 63
1286 3763 1345 3833 sq.).

218 3853 247 3923 3)
265 3856 356 3904 Cetera
373 3853 435 3911 loca,
454 3868 518 3916 quae
537 3851 587 3903 huc
604 3853 738 3918 pertinent,
758 3853 886 3917 exscripsit
904 3852 1039 3913 Immerw,
1059 3853 1096 3903 K.
1113 3870 1138 3904 u.
1149 3854 1186 3902 M.
1196 3857 1231 3903 A.
1244 3856 1357 3918 73—78.

218 3949 244 4008 4)
263 3943 305 3994 Cf.
323 3944 400 3992 Paus.
419 3942 486 3992 VIII
510 3942 548 4000 16,
572 3955 594 3991 1.

218 4035 244 4097 5)
262 4033 302 4083 Cf.
322 4033 389 4081 lbid.
407 4032 451 4080 tx
472 4043 540 4094 20‚3.
559 4030 631 4079 Alter
650 4046 722 4079 mons
741 4029 858 4096 Cerycius
875 4033 968 4106 Ἑρμῇ
979 4040 1136 4081 consecratus
1147 4043 1357 4082 commemoratur

182 4129 249 4193 apud
277 4127 390 4192 Hesycb.
418 4143 439 4175 s.
457 4142 482 4176 v.
509 4123 667 4199 Κηρύκιον.
696 4125 736 4175 Cf.
763 4136 889 4191 praeterea
917 4128 988 4176 Suid.
1008 4143 1027 4176 S.
1047 4144 1070 4177 v.
1090 4131 1241 4204 Κῆρυκεία
1270 4129 1357 4193 Etym.

184 4224 270 4287 Magn.
291 4240 311 4273 s.
331 4239 354 4272 v.
373 4220 528 4296 Κηρύκιον.
548 4221 662 4286 Theogn.
681 4221 782 4272 Bclrlrer
800 4237 825 4288 p.
849 4222 923 4286 1389.
