3106 4942
751 321 799 388 86

186 526 377 603 utilissima
413 526 620 600 observavit
656 541 693 601 et
728 528 820 601 haec
848 528 896 601 de
929 528 1052 600 crudis
1080 526 1146 600 illis
1174 526 1362 601 sacrificiis

187 651 357 724 humanis
384 651 520 746 scripto
550 652 726 725 madavit:
759 654 813 725 »It
841 666 938 726 must
951 654 999 725 he
1018 653 1271 726 remembered
1284 653 1363 725 that

187 776 250 850 the
278 777 409 849 cruder
437 777 509 849 and
537 776 661 849 wilder
687 776 871 851 sacrifices
899 778 973 850 and
992 777 1145 872 legends
1164 776 1203 849 of
1221 778 1363 851 Greece

188 925 282 974 were
317 901 481 998 stricktly
513 902 624 988 local;
654 902 732 974 that
760 901 847 998 they
874 927 968 975 were
996 901 1166 974 attached
1193 915 1232 980 to
1260 879 1363 976 these

138 1077 142 1084 ‚
189 1024 333 1098 ancient
373 1027 536 1121 templeS,
578 1027 640 1099 old
682 1027 859 1099 altars...
875 1083 906 1104 ,.
937 1026 973 1098 in
1010 1025 1126 1098 which
1163 1025 1362 1099 Pausanias

189 1149 305 1240 found
345 1150 407 1222 the
449 1165 545 1222 most
586 1151 728 1223 ancient
769 1151 873 1224 relies
911 1150 949 1223 of
983 1149 1149 1223 Hellenic
1177 1150 1364 1246 theology.

187 1274 277 1347 This
319 1274 348 1346 is
385 1301 408 1346 a
434 1274 544 1371 proof
570 1274 610 1346 of
636 1275 729 1348 their
756 1275 935 1371 antiquity
962 1276 1035 1348 and
1063 1300 1086 1346 a
1112 1274 1363 1370 presumption

189 1398 226 1471 in
254 1398 384 1471 favour
412 1399 451 1472 of
478 1400 570 1472 their
597 1399 762 1472 freedom
790 1400 885 1472 from
910 1398 1053 1496 foreign
1073 1399 1253 1472 influence
1268 1455 1364 1472 .....

190 1525 231 1595 In
263 1523 334 1596 this
361 1537 533 1620 stagnant
560 1524 748 1597 condition
776 1525 838 1597 the
865 1525 965 1621 early
994 1527 1134 1597 Greeks
1161 1524 1273 1596 could
1301 1536 1366 1596 not

190 1649 284 1720 have
325 1644 433 1721 made
474 1649 737 1743 acquaintance
777 1649 860 1721 with
902 1650 963 1722 the
1006 1674 1116 1746 many
1157 1650 1284 1721 creeds
1326 1647 1365 1720 of

191 1772 340 1845 Semitic
378 1774 450 1845 and
488 1774 592 1845 other
619 1773 711 1860 alien
739 1775 890 1869 peoples
919 1798 966 1845 on
994 1774 1056 1846 the
1082 1774 1210 1846 shores
1238 1772 1277 1844 of
1303 1772 1365 1844 the

193 1899 364 1970 Levant.»
396 1897 453 1994 (A.
482 1899 598 1993 Lang,
626 1898 732 1994 Myth
761 1897 814 1970 rit.
842 1923 872 1970 a.
901 1898 960 1970 rel.
989 1899 1014 1983 l,
1046 1898 1142 1994 262).

246 2023 437 2094 Postremo
479 2023 573 2107 loc0,
600 2048 646 2094 ne
674 2023 788 2094 ullum
817 2036 1085 2118 argumentum,
1112 2022 1215 2116 quod
1243 2019 1367 2093 afferri

192 2158 314 2241 potest
345 2146 393 2217 ad
421 2147 746 2219 demonstrandum
776 2173 928 2220 revera
956 2173 978 2218 a
1005 2147 1151 2221 Semitis
1181 2158 1365 2218 mutuatos

192 2296 273 2343 esse
300 2272 463 2345 Graecos
492 2295 632 2343 morem
661 2272 751 2367 deos
780 2271 814 2342 in
829 2271 919 2343 locis
934 2271 1039 2344 editis
1055 2270 1208 2356 colendi,
1222 2269 1365 2343 silentio
1404 2335 1410 2347 .

191 2394 487 2489 praetermittam,
505 2395 633 2491 paucis
648 2395 877 2468 referendum
898 2409 960 2481 est,
976 2396 1108 2467 multos
1122 2394 1220 2467 viros
1235 2395 1366 2479 doctos

97 2571 99 2575 -
193 2519 228 2590 in
257 2518 405 2591 numine
431 2530 550 2613 Κρόνῳ,
569 2520 641 2613 qui,
669 2533 710 2592 ut
744 2546 856 2616 supra
883 2519 1253 2592 commemoravimus
1267 2517 1301 2613 1),
1330 2519 1365 2590 in

195 2643 349 2716 collibus
375 2644 588 2738 praesertim
617 2643 840 2717 venerationi
860 2644 936 2730 fuit,
951 2669 1154 2740 agnoscere
1167 2643 1238 2717 sibi
1252 2641 1368 2715 videri

178 2752 181 2770 ’
195 2767 373 2839 Punicum
401 2769 512 2840 deum
545 2770 742 2841 «Moloch»
759 2767 795 2867 2).
823 2771 883 2842 De
897 2769 1001 2841 cuius
1015 2783 1137 2841 autem
1152 2767 1212 2840 dei
1226 2750 1368 2863 origine

194 2917 237 2964 ac
273 2892 424 2988 propria
459 2893 736 2988 significatione,
763 2919 847 2966 cum
876 2893 912 2964 in
940 2892 1189 2988 superioribus
1218 2891 1368 2987 copiose
1437 2979 1439 2982 Ι

195 3017 437 3110 exposuerim,
487 3017 577 3111 quid
617 3017 798 3104 sentirem,
838 3016 997 3090 sufficiet
1038 3016 1126 3088 mihi
1167 3017 1238 3089 hoc
1283 3017 1367 3087 loco

148 3190 149 3193 =
196 3154 336 3213 tantum
365 3141 402 3213 id
431 3167 545 3213 unum
574 3142 609 3213 in
640 3142 855 3215 memoriam
885 3166 1067 3226 revocare,
1082 3166 1141 3213 me
1165 3149 1286 3228 Κρόνον
1299 3165 1367 3235 pro
1476 3231 1479 3235 ⁴

194 3265 357 3361 genuino
395 3265 466 3338 deo
504 3268 659 3352 Graeco,
683 3273 733 3332 Λιί
755 3266 825 3362 ipsi
853 3265 1032 3338 consimili
1060 3278 1096 3337 et
1124 3262 1273 3336 minime
1299 3288 1368 3358 pro

197 3389 345 3462 numine
373 3391 536 3484 quodam
565 3417 587 3462 a
615 3390 860 3488 Phoenicibus
888 3404 1041 3485 accepto
1068 3389 1213 3461 habere.

249 3514 354 3606 Quae
396 3539 480 3586 cum
523 3514 572 3587 ita
612 3515 692 3600 sint,
733 3515 953 3608 cuicumque
985 3513 1096 3586 iudici
1138 3538 1258 3606 aequo
1295 3513 1368 3584 iam

197 3638 431 3733 perspicuum
474 3665 553 3711 esse
594 3640 760 3711 existimo
789 3640 889 3734 apud
917 3641 1080 3711 Graecos
1109 3662 1249 3709 morem
1279 3638 1369 3709 deos

197 3761 233 3832 in
275 3763 459 3836 montibus
502 3763 728 3858 clivihusque
769 3763 913 3836 colendi
955 3763 1040 3835 inde
1058 3772 1091 3834 'a
1119 3761 1369 3835 remotissimis

237 3917 245 3951 1
280 3904 319 3951 Cs.
376 3942 381 3951 .
418 3918 465 3953 os
502 3941 508 3954 .

234 3905 260 4054 zi
277 3994 317 4040 De
335 3921 384 4057 iiia
402 3916 427 4042 ie
445 3922 502 4042 xiiii
521 3996 678 4044 Preff.-R0b.
698 3996 741 4044 Gr.
764 3993 889 4058 Myth.⁴I
901 4004 942 4056 51.
974 3991 1368 4056 Bottiger‚Kunsrmyth.1222,

197 4093 258 4144 372.
276 4083 361 4146 Sayce,
382 4083 514 4147 Contemp.
535 4085 601 4132 Rev.
625 4084 699 4146 1883.
738 4084 865 4132 Diodorus
884 4081 981 4131 Siculus
992 4083 1061 4144 (XX
1076 4083 1115 4144 14)
1126 4079 1241 4154 Κρόνον
1260 4081 1309 4128 iam
1322 4081 1370 4128 deo

196 4176 295 4224 cuidam
315 4178 411 4226 Punico
429 4178 586 4226 assimilavit.
