3090 4942
747 345 793 434 56

181 557 319 640 Aeaco
347 554 530 652 Lycaonis
561 554 647 642 tilio,
675 554 774 628 lama
800 569 886 640 erat,
913 568 1004 628 teste
1031 554 1225 627 Pausania:
1254 554 1352 650 (VIII

185 681 319 778 36‚10.)
343 690 426 750 ‘Turi
451 690 552 773 τούτῳ
575 687 605 750 di
633 701 676 774 τῷ
701 686 785 775 λάρῳ
810 686 899 762 πόλις
922 714 954 750 τε
975 685 1011 768 ἧν
1023 689 1223 771 Ἀκακήσιον,
1235 691 1351 769 Ἑρμοῦ

183 829 215 867 τε
246 802 439 886 Ἀκακησίου
449 798 476 887 ¹)
508 801 599 867 λίθου
630 805 837 886 πεποιημένον
869 802 997 884 ἄγαλμα
1028 809 1077 866 καὶ
1112 805 1141 877 ἐς
1176 807 1253 883 ἡμᾶς
1275 804 1357 866 ἔστιν

182 917 232 977 ἐπὶ
264 925 321 976 τοῦ
353 911 458 993 λόφον
490 926 642 995 τραφῆναι
672 912 703 975 δὲ
734 917 850 997 Ἑρμῆν
874 911 973 975 παῖδα
996 913 1111 975 αὐτόθι
1135 916 1185 974 καὶ
1209 913 1357 1001 Ἄκακον

182 1028 238 1087 τὸν
257 1024 420 1095 Λυκάονος
441 1021 582 1100 γενέσθαι
605 1026 633 1085 οἱ
653 1023 764 1103 τροφέα
788 1021 958 1105 Ἀρκάδων
981 1023 1063 1085 ἐστὶν
1084 1023 1113 1094 ἐς
1135 1024 1232 1083 αὐτὸν
1255 1019 1353 1098 λόγος.

184 1133 237 1208 Cf.
265 1146 453 1228 praeterea
477 1133 584 1205 Paus.
603 1134 688 1205 VIII
711 1156 779 1221 3‚2.
807 1133 921 1204 Hom.
942 1147 978 1202 Π
1005 1139 1087 1222 184.
1107 1130 1228 1204 Schol.
1243 1131 1357 1202 Hom.

175 1273 213 1338 ἐν)
236 1281 298 1349 42.
326 1256 413 1330 Call.
441 1256 548 1329 Dian.
584 1281 652 1348 142
684 1283 713 1329 c.
741 1256 853 1330 schol.
881 1256 1064 1330 Eratosth.
1091 1257 1142 1328 III
1175 1280 1232 1327 21.

237 1384 429 1454 Praeterea
457 1381 493 1452 in
521 1382 638 1455 insula
666 1382 916 1467 Samothrace,
935 1407 1030 1476 quae
1049 1380 1246 1476 praecipue
1260 1393 1359 1472 Ἑρμῇ

184 1506 308 1580 dedita
335 1519 421 1591 erat,
449 1506 485 1578 in
514 1506 700 1580 montibus
719 1507 885 1579 habitare
903 1508 1109 1602 putabatur.
1129 1507 1214 1601 Ipsa
1232 1504 1357 1588 insula,

184 1632 336 1705 testibus
365 1632 546 1704 Strabone
565 1645 675 1725 atque
695 1631 897 1717 Eustathi0‚
913 1656 1046 1704 nomen
1061 1643 1218 1702 traxerat
1232 1655 1254 1701 a
1267 1627 1358 1700 locis

131 1788 137 1799 ·
183 1755 298 1841 editis,
313 1781 408 1849 quae
422 1755 616 1852 indigenae
639 1764 793 1845 „mtpovg”
820 1757 1057 1852 appellarent:
1077 1756 1287 1851 (StrabX4
1296 1754 1356 1852 57)

229 1881 446 1963 Hiuuvutrrpm
488 1880 515 1943 δ’
549 1884 621 1944 εἰσὶν
652 1880 705 1964 (οἱ)
731 1876 758 1962 ²)
790 1883 854 1943 ἀπὸ
887 1894 942 1944 τοῦ
974 1884 1089 1961 οάμονς
1121 1877 1281 1943 καλεῖσθαι
1316 1882 1357 1941 τὰ

182 1997 252 2080 duri]
281 1999 432 2079 φήσαντες
464 2001 610 2079 εὑρῆσθαι
637 2012 730 2062 τοῦτο
758 1999 894 2078 τοῦνομα
921 2005 978 2083 τὴν
1005 2012 1096 2082 νῆσον
1115 1992 1152 2081 3).
1191 1989 1357 2062 Eustath.

183 2114 231 2187 ad
260 2113 298 2185 11.
321 2127 349 2185 Ω
378 2120 423 2203 78
449 2139 483 2210 p.
513 2138 612 2205 1340
630 2171 876 2188 ............
918 2125 1028 2203 Σάμον
1062 2122 1090 2185 d'
1126 2124 1266 2187 ἐνταῦθα
1301 2126 1358 2204 τὴν

185 2241 317 2322 Θρῃκίην
349 2240 458 2318 Σάμον
488 2240 544 2321 ἢτο
575 2242 788 2326 Σαμοθρᾴκην
819 2241 922 2322 φησίν
924 2287 1014 2301 .....
1048 2242 1154 2319 Σάμος
1186 2237 1217 2300 δὲ
1241 2236 1357 2317 ἐλέγετο

184 2354 235 2417 διὰ
259 2360 294 2418 τὸ
318 2353 451 2439 ὑψηλόν.
475 2358 590 2435 οάμους
612 2359 670 2436 γάρ
690 2359 717 2418 οἱ
737 2358 806 2418 τότ(ι
826 2360 898 2428 τοὺς
917 2353 1028 2436 λόφους
1047 2354 1156 2434 ἔλεγον.
1175 2347 1241 2445 (Cf.
1256 2373 1357 2444 prae-

183 2485 283 2543 terea
297 2472 398 2543 Eust.
417 2471 465 2543 ad
494 2484 531 2542 N
556 2471 622 2570 12.)
644 2470 742 2543 Hinc
763 2471 918 2544 fortasse
941 2482 1057 2561 Ἕρμον
1079 2472 1165 2558 lilio,
1185 2473 1221 2544 in
1241 2473 1359 2546 insula

184 2574 424 2669 Samothrace
451 2609 547 2682 nato,
566 2621 700 2669 nomen
721 2595 872 2670 Samoni
891 2594 968 2668 sive
989 2596 1101 2668 Saoni
1121 2596 1276 2670 inditum
1296 2612 1359 2670 est.

237 2723 429 2793 Postremo
462 2720 564 2816 digni
601 2720 779 2806 videntur,
813 2722 859 2793 de
888 2719 1022 2814 quibus
1050 2721 1121 2794 hoc
1149 2723 1233 2795 loco
1262 2748 1359 2795 men-

183 2845 319 2918 tionem
349 2844 491 2930 Iaciam,
513 2844 682 2940 lapidum
703 2844 752 2918 illi
772 2845 901 2931 acervi,
930 2845 992 2941 qui
1010 2850 1134 2936 ἳρμακες
1152 2847 1228 2920 sive
1246 2858 1359 2938 ἑρμαῑοι

72 3013 79 3027 ·
184 2976 272 3059 λόφοι
296 2971 522 3043 vocabantur
551 2969 687 3065 quique
715 2970 751 3042 in
775 2985 890 3064 Ἕρμον
913 2972 1091 3043 honorem
1116 2971 1152 3043 in
1171 2972 1239 3044 viis
1258 2985 1360 3044 erant

184 3094 363 3168 exstructi.
387 3094 554 3168 Viatores
573 3094 616 3167 iis
634 3091 745 3191 saepe
764 3109 952 3191 tamquam
972 3095 1146 3169 altaribus
1165 3098 1359 3170 utebantur

184 3233 294 3313 atque
322 3219 426 3293 novis
453 3245 599 3316 semper
621 3219 805 3315 lapidibus
825 3221 860 3293 in
881 3246 944 3294 eos
969 3219 1206 3295 coniiciendis
1226 3247 1359 3318 conge-

224 3477 245 3533 1)
264 3460 377 3542 Ἕρμοῠ
395 3485 533 3533 cognomen
551 3464 730 3538 Ἀκακήσιον
751 3471 853 3518 mintme
871 3469 1001 3519 cohaerere
1020 3485 1076 3517 cum
1095 3469 1172 3518 altero
1191 3471 1303 3520 elusdem
1318 3473 1359 3520 dei

183 3566 283 3614 nomine
305 3560 359 3619 Ἀκ
381 3585 461 3636 upra,
479 3581 529 3628 quo
548 3567 649 3613 nomme
668 3566 766 3630 saepius
785 3566 852 3631 apud
872 3567 1013 3615 Homerum
1033 3569 1197 3632 nuncupatur,
1207 3567 1268 3615 satis
1278 3566 1359 3615 lucide

107 3661 109 3666 ’
183 3661 347 3709 Immerwahr
374 3661 498 3726 probavit.
518 3660 605 3723 (Imm.
624 3661 661 3709 K.
681 3678 705 3710 u.
725 3662 762 3710 M.
782 3664 816 3710 A.
837 3675 870 3724 94
890 3664 939 3725 sq.)
960 3662 1021 3720 „der
1039 3663 1123 3710 Name
1142 3662 1287 3710 Akakesios
1306 3663 1359 3726 (ist)

184 3750 235 3797 rein
254 3749 321 3798 lokal
340 3767 370 3798 zu
389 3748 498 3800 tassen.”
821 3752 847 3814 2)
868 3751 896 3804 οἱ
916 3752 1020 3800 inseruit
1039 3751 1070 3800 G.
1090 3751 1208 3800 Kramer.
1383 3744 1385 3750 ’

221 3847 245 3906 3)
263 3845 379 3893 Straboni
397 3844 562 3909 adstipulatur
581 3844 613 3893 O.
633 3844 802 3907 Rubensohn‚
821 3847 900 3911 Myst.
922 3847 947 3894 in
966 3846 1052 3894 Eleus.
1064 3845 1115 3892 und
1125 3845 1252 3894 Samothr.
1263 3862 1288 3909 p.
1302 3846 1358 3903 128;

184 3941 270 3983 contra
289 3932 321 3983 Ο.
335 3935 445 4000 Gruppe,
460 3935 504 3998 (de
517 3933 607 3983 Cadmi
620 3934 703 3982 sabula
715 3935 760 3997 20)
770 3934 843 3983 aliam
864 3937 927 3983 viam
942 3936 1066 3998 Ingressus
1080 3940 1126 3982 est.
1144 3936 1220 3983 Putat
1239 3935 1359 4009 Ἓρμρν,

183 4032 225 4096 qui
240 4031 306 4096 apud
324 4032 464 4080 Homerum
484 4030 584 4092 Σῶκος
603 4032 654 4080 sive
673 4031 794 4091 Σάωκος
813 4033 1008 4096 cognomInatur‚
1029 4031 1122 4079 insulae
1142 4047 1234 4080 nomen
1250 4031 1359 4081 dedIsse.

191 4136 194 4141 '
221 4128 246 4189 4)
265 4127 305 4175 ct.
325 4127 403 4176 Diod.
422 4127 471 4176 stc.
492 4128 516 4175 V
536 4126 578 4190 48,
603 4128 645 4175 ubi
665 4128 723 4177 vide
742 4130 827 4176 annot.
857 4127 1027 4190 Wesselingii.
1068 4124 1108 4174 Cf.
1128 4135 1252 4191 praeterea
1272 4125 1360 4190 Apoll.

185 4215 274 4264 Rhod.
294 4217 385 4278 1917.
