3090 4942
747 391 788 461 51

182 583 298 657 Elidis
340 582 450 669 collis
491 595 582 655 teste
623 581 804 654 Pausania
832 581 865 680 ¹),
916 592 1038 673 Κρόνου
1074 585 1294 672 sacerdotes
1329 597 1355 657 οί

181 713 317 779 Βασίλαι
343 713 532 796 καλούμενοι,
557 707 653 780 circa
681 706 952 801 aequinoctium
968 734 1044 781 rem
1060 709 1221 783 divinam
1237 711 1356 784 lacere

166 833 357 921 solebant.
399 832 504 904 Alius
542 844 676 924 Κρονίου
699 841 795 922 όρονς,
828 832 863 904 in
894 833 1078 907 Laconica
1105 834 1173 921 siti,
1196 836 1357 909 Pseudo-

184 957 398 1031 Plutarchus
431 954 455 1056 ²)
494 957 714 1030 mentionem
744 956 843 1043 lacit,
867 959 1060 1032 Praeterea
1088 961 1135 1033 de
1163 960 1234 1033 alio
1263 961 1356 1034 colle

182 1082 346 1155 eiusdem
375 1081 532 1154 nominis
561 1082 791 1155 Ptolemaeus
810 1077 835 1180 3)
863 1082 1031 1176 loquitur.
1062 1085 1237 1157 Necnon
1262 1111 1357 1180 quae

184 1207 375 1280 Diodorus
416 1206 560 1280 Siculus
578 1209 603 1304 ⁴)
644 1207 691 1280 de
723 1217 845 1299 Κρόνον
869 1207 1025 1281 cultibus
1058 1209 1215 1295 tradidit,
1244 1209 1359 1306 digna

184 1345 275 1417 sunt
303 1358 397 1426 quae
425 1332 496 1405 hoc
524 1333 608 1404 loco
624 1346 965 1405 commemorentur.
994 1335 1051 1406 Eo
1068 1347 1219 1407 auctore
1243 1345 1360 1424 Κρόνος

185 1457 381 1551 antiquitus
410 1457 634 1531 Cretensium
665 1471 741 1530 erat
769 1458 859 1531 deus
887 1458 1038 1552 eiusque
1066 1459 1184 1532 cultus
1206 1484 1229 1531 a
1252 1458 1360 1531 Creta

185 1607 300 1676 usque
328 1582 375 1654 ad
404 1582 664 1656 remotissimas
694 1582 863 1679 regiones
891 1583 1134 1656 occidentales
1150 1582 1359 1680 penetravit.

186 1706 270 1798 Quo
286 1706 423 1779 lactum
438 1733 518 1780 esse
529 1721 632 1803 putat
642 1706 842 1794 Diodorus,
855 1721 894 1780 ut
905 1734 1020 1803 usque
1031 1709 1078 1781 ad
1088 1734 1192 1782 suam
1204 1720 1359 1781 aetatem

186 1834 367 1928 permulta
391 1833 540 1906 ‘Siciliae
567 1833 649 1906 loca
677 1832 774 1906 edita
797 1844 914 1925 Κρόνια
938 1834 1219 1907 nominarentur.
1239 1832 1360 1905 Etiam

189 1958 391 2057 Dionysius
421 1958 755 2031 Halicamassensis
774 1955 799 2054 5)
837 1959 996 2053 denique
1025 1959 1246 2031 mentionem
1275 1957 1362 2030 facit

188 2095 320 2175 Κρονίου
344 2090 450 2173 λόρον,
473 2084 508 2155 in
538 2083 641 2156 ltalia
668 2083 736 2168 siti,
764 2083 799 2155 in
815 2109 889 2178 quo
905 2083 991 2155 olim
1008 2083 1113 2179 Epei,
1131 2085 1360 2157 Graecorum

189 2210 304 2282 classe
345 2209 380 2280 in
415 2208 553 2281 ltaliam
592 2207 746 2304 appulsi,
774 2207 990 2304 oppidulum
1022 2208 1284 2291 condidissent;
1312 2205 1362 2277 ibi

191 2360 301 2418 aram,
338 2319 433 2427 quae
471 2333 641 2429 Dionysii
675 2345 792 2406 aetate
825 2333 945 2406 adhuc
974 2334 1139 2405 exstabat
1162 2342 1272 2426 Κρόνῳ
1295 2344 1363 2403 sta-

190 2459 301 2532 tuisse
329 2457 547 2530 ferebantur.

245 2586 350 2657 Haec
391 2597 484 2668 sunt,
526 2609 621 2678 quae
661 2597 800 2657 veteres
832 2582 1028 2679 scriptores
1056 2583 1103 2654 de
1131 2581 1287 2653 collibus
1316 2580 1363 2653 ad

191 2721 313 2802 Κρόνου
336 2708 606 2782 venerationem
635 2708 757 2782 electis
776 2708 1012 2781 tradiderunt.
1043 2708 1153 2779 Nunc
1169 2705 1364 2779 sententias

191 2862 213 2908 a
241 2835 503 2908 recentioribus
518 2833 774 2930 interpretibus
789 2834 836 2906 de
850 2832 893 2906 iis
908 2831 1067 2928 prolatas
1082 2831 1365 2904 consideremus.

245 2963 321 3034 lam
351 2959 617 3055 quinquaginta
644 2958 719 3031 lere
746 2984 862 3031 annos
881 2956 1013 3030 abhinc
1033 2955 1203 3028 Welcker
1219 2951 1245 3052 6)
1275 2953 1366 3025 mira

194 3113 267 3181 qua
308 3085 376 3158 fuit
416 3084 615 3182 sagacitate
652 3083 688 3156 in
726 3084 937 3181 mythorum
974 3081 1201 3154 lineamentis
1238 3079 1366 3176 priscis

195 3226 304 3306 atque
340 3210 489 3283 sinceris
526 3212 573 3282 ab
606 3209 862 3282 additamentis
900 3206 1111 3304 posterioris
1148 3205 1227 3279 aevi
1262 3204 1366 3276 inter-

194 3335 397 3421 noscendiS,
433 3334 617 3431 perspexit
653 3335 774 3420 deum,
811 3335 873 3429 qui
910 3332 1046 3428 passim
1072 3340 1200 3421 Κρόνιος
1227 3339 1367 3418 Κρονίων

195 3467 345 3551 Κρονίδης
373 3459 663 3555 cognominatur,
700 3484 772 3530 non
811 3458 894 3531 ideo
932 3457 982 3529 ita
1018 3480 1098 3528 esse
1135 3452 1367 3549 appellatum,

196 3584 298 3679 quod
327 3583 437 3658 Croni
466 3582 661 3680 progenies
683 3583 886 3667 haberetur,
900 3582 965 3654 sed
981 3578 1141 3676 epitheta
1154 3577 1214 3650 illa
1227 3603 1272 3650 ex
1298 3587 1368 3657 νόνός

197 3723 326 3782 natura
366 3722 476 3804 atque
517 3708 639 3781 indole
680 3733 759 3781 esse
800 3704 1078 3802 interpretanda.
1116 3705 1156 3775 ln
1190 3702 1233 3775 iis
1269 3700 1367 3774 enim

196 3834 418 3907 vocabulum
443 3841 586 3926 ,,χρονος”
611 3833 722 3905 latere
741 3829 974 3914 existimavit;
989 3844 1135 3924 tempus
1149 3852 1237 3900 vero
1253 3850 1368 3921 quum

238 4079 258 4128 ll
278 4076 352 4125 Paus.
374 4075 411 4122 VI
433 4085 473 4130 20,
498 4087 518 4120 1.
733 4084 757 4132 2)
776 4070 899 4120 Ps.·Plut.
918 4069 950 4116 de
970 4067 1028 4117 fluv.
1048 4068 1090 4114 IX
1110 4077 1135 4130 3.

235 4167 260 4226 3)
279 4163 345 4212 Ptol.
365 4163 406 4210 III
429 4163 467 4219 16,
487 4177 511 4226 4.
730 4164 756 4224 4)
775 4160 852 4208 Diod.
872 4159 922 4208 Sic.
941 4158 982 4205 III
1001 4157 1044 4205 61.
1063 4156 1118 4203 XV
1143 4153 1182 4205 16.

237 4256 261 4316 5)
280 4253 357 4301 Dion.
377 4251 437 4301 Hal.
455 4250 534 4303 Arch.
553 4251 566 4298 1
586 4262 628 4313 34.
727 4249 752 4312 6)
770 4250 801 4299 F.
820 4249 852 4297 G.
872 4246 998 4304 Welcker,
1019 4245 1062 4294 Gr.
1082 4243 1219 4293 Gotterl.1
1241 4254 1287 4304 141
1313 4256 1370 4304 sqq.
