3106 4942
750 369 796 438 35

187 565 360 649 redolere,
401 587 485 636 cum
527 585 673 634 summo
715 560 751 632 in
794 574 917 633 monte
959 560 1107 634 Pelione
1149 561 1240 635 deus
1282 589 1360 638 nes-

187 689 245 767 cio
288 688 369 784 quis
410 689 480 766 sub
522 685 687 759 animalis
724 685 846 781 specie
873 685 1097 759 venerationi
1126 701 1228 760 esset.
1258 690 1357 762 Nam
1434 696 1435 699 ’

82 799 85 808 ’
188 840 245 887 res
287 827 342 887 est
382 811 572 885 notissima
613 809 699 883 olim
741 811 960 897 sacerdotes,
1002 811 1064 907 qui
1107 811 1143 884 in
1181 813 1359 886 honorem

187 938 268 1012 talis
310 937 369 1011 dei
410 936 590 1010 sacrificia
636 935 803 1022 facerent,
858 962 968 1033 saepe
1010 937 1221 1010 animalium
1263 938 1361 1034 pelli-

188 1067 258 1138 bus
291 1090 371 1137 sese
404 1062 552 1135 amicire
580 1062 706 1134 solitos
739 1061 850 1134 fuisse
868 1058 903 1160 1).
940 1065 1074 1135 Postea
1100 1073 1243 1148 autem,
1276 1087 1360 1136 cum

189 1200 265 1269 Ζεὺς
288 1195 435 1279 Ἀκραῖος
458 1186 750 1282 antiquissimum
779 1186 880 1259 illum
909 1186 1020 1261 deum
1037 1188 1155 1284 magis
1170 1188 1363 1284 magisque

189 1313 272 1385 loco
314 1338 382 1386 suo
425 1313 631 1409 depelleret,
663 1314 774 1384 ambo
802 1312 922 1385 cultus
950 1312 1000 1384 ita
1027 1312 1119 1385 inter
1146 1339 1186 1386 se
1214 1312 1363 1386 conflati

132 1476 133 1479 ¹
190 1451 282 1522 sunt,
320 1452 359 1511 ut
395 1437 456 1510 vix
491 1438 581 1510 alter
608 1438 656 1510 ab
685 1437 799 1509 altero
828 1437 1003 1534 distingui
1031 1452 1164 1534 posset.
1194 1437 1307 1531 Quod
1331 1437 1361 1510 si

190 1588 317 1637 verum
347 1577 409 1649 est,
437 1564 589 1636 alterum
619 1563 692 1636 iam
721 1561 780 1634 hic
808 1563 987 1636 habemus
1015 1564 1223 1659 exemplum
1252 1563 1312 1635 dei
1327 1563 1363 1635 in

190 1689 274 1762 loco
302 1688 401 1762 edito
430 1688 526 1773 culti,
555 1688 761 1783 quodcum
787 1699 858 1769 Διὸς
879 1697 1022 1760 Λυκαίου
1044 1688 1278 1762 veneratione
1302 1713 1365 1783 op-

191 1814 279 1887 time
307 1813 513 1910 comparari
543 1826 671 1909 potest.

246 1940 321 2014 Sed
348 1939 420 2012 iam
449 1941 497 2012 ab
524 1939 596 2011 hoc
624 1938 724 2011 cultu
752 1937 799 2010 ad
829 1936 920 2010 alios
948 1951 1183 2024 transeamus,
1202 1938 1265 2034 qui
1279 1923 1365 2012 huic

193 2063 350 2161 proximi
392 2064 580 2137 accedunt.
622 2063 747 2135 Primo
788 2063 871 2134 loco
913 2063 1158 2137 nominandus
1200 2077 1255 2136 est
1291 2075 1367 2143 Ζεὺς

193 2199 387 2278 Ἰθωμάτας,
419 2189 481 2284 qui
518 2189 554 2260 in
588 2188 793 2262 Messeniae
821 2202 945 2262 monte
973 2188 1115 2262 Ithome
1143 2186 1366 2261 venerationi

169 2327 279 2386 erat.
321 2313 457 2387 Mirum
499 2314 596 2388 enim
629 2314 665 2386 in
694 2313 847 2386 modum
873 2326 944 2396 Διὸς
967 2324 1110 2386 Λυκαίου
1134 2315 1252 2387 cultus
1280 2337 1365 2385 cum

194 2438 265 2511 hoc
307 2438 486 2536 congruit.
528 2442 696 2534 Uterque
737 2439 829 2512 deus
870 2438 906 2510 in
949 2453 1073 2512 monte
1105 2440 1294 2512 colebatur
1321 2451 1366 2521 et,

195 2563 454 2658 antiquissimis
486 2566 614 2638 saltem
647 2563 884 2660 temporibus
912 2564 1051 2637 nullum
1086 2564 1263 2660 templum
1292 2562 1367 2635 nul·
1467 2624 1470 2630 ,

194 2688 342 2784 lamque
369 2702 525 2762 statuam
554 2689 722 2774 habebat,
751 2714 846 2783 quae
869 2714 926 2761 res
945 2714 1127 2762 summam
1147 2689 1279 2761 horum
1295 2688 1368 2761 cul-

195 2826 298 2886 tuum
326 2828 543 2888 vetustatem
572 2827 723 2887 testatur
741 2810 775 2909 2)‚
804 2813 993 2909 utriusque
1020 2813 1057 2886 in
1084 2815 1262 2886 honorem
1291 2811 1368 2885 ludi

195 2939 399 3011 edebantur
417 2937 452 3037 3),
477 2947 531 3030 (τὰ
554 2949 682 3009 Λύκαια
705 2938 742 3010 in
770 2939 949 3011 honorem
976 2958 1033 3010 τοῦ
1056 2947 1199 3009 Λυκαίου
1224 2946 1304 3021 Διός,
1328 2947 1368 3006 τὰ

196 3069 354 3153 Ἰθωμαῖα
378 3063 611 3136 inhonorem
637 3085 693 3135 τοῦ
717 3075 789 3144 Διὸς
813 3084 869 3135 τοῦ
892 3070 1073 3153 loomim),
1096 3075 1250 3156 uterque
1277 3059 1369 3132 deus

196 3185 232 3258 in
261 3202 385 3261 monte
413 3214 435 3260 a
459 3187 631 3285 nymphis
650 3187 805 3260 nutritus
824 3213 904 3260 esse
923 3186 1106 3259 ferebatur
1120 3183 1154 3283 ²¹),
1173 3199 1208 3258 et
1222 3208 1368 3257 summo

198 3311 233 3382 in
263 3326 387 3386 monte
415 3313 552 3386 iontem
581 3337 726 3386 sacrum
755 3312 924 3397 habebat,
952 3311 1119 3406 quicum
1139 3307 1369 3382 caerimoniis

198 3535 410 3543 ——————.

238 3681 260 3741 Ι)
278 3679 319 3727 De
338 3694 387 3743 qua
405 3695 430 3727 re
448 3679 480 3728 cf.
499 3679 530 3727 F.
550 3677 628 3735 Bach,
650 3678 707 3735 „De
726 3677 813 3726 Graec.
833 3675 931 3725 caerim.
943 3676 969 3722 in
979 3675 1070 3739 quibus
1081 3673 1195 3723 homines
1205 3675 1308 3723 deorum
1318 3675 1370 3722 vice

198 3768 388 3830 fungebantur.’'
415 3770 448 3819 A.
474 3768 552 3829 Lang,
577 3765 652 3831 Myth
671 3767 710 3816 rit.
730 3782 752 3813 a.
772 3766 815 3814 rel.
834 3766 861 3812 II
880 3777 939 3827 213.
968 3765 998 3813 L.
1017 3765 1053 3812 R.
1073 3763 1181 3821 Farnelh
1203 3762 1274 3811 Cults
1292 3765 1320 3812 oi
1329 3763 1371 3812 the

201 3857 244 3906 Gr.
264 3857 301 3908 St.
320 3857 348 3904 II
367 3856 419 3919 436
438 3872 493 3920 sqq.

235 3947 259 4005 2)
279 3945 318 3992 Cf.
339 3946 414 3994 Faus,
434 3945 474 3993 IV
494 3956 536 4007 3‚9
556 3952 581 3992 et
599 3944 640 3993 lV
659 3955 718 4006 33,2
739 3958 794 3991 cum
814 3943 888 3990 Paus
908 3942 976 3989 VIII
995 3941 1064 4004 38,7.

235 4036 260 4096 3)
280 4034 318 4083 Cs.
338 4035 413 4086 Paus.
432 4034 472 4083 IV
491 4047 551 4098 33‚2
571 4049 627 4081 cum
647 4034 722 4081 Paus.
743 4031 811 4079 VIII
830 4030 888 4092 38,5
916 4030 964 4091 (De
983 4011 1071 4079 cereris
1090 4039 1200 4079 veterum
1219 4029 1371 4079 testimoniis

200 4123 258 4170 vide
278 4124 322 4171 W.
342 4124 467 4171 Immerw.
488 4124 524 4170 K.
544 4138 567 4170 u.
587 4123 624 4170 M.
645 4125 678 4169 A.
699 4121 734 4184 5.)

236 4215 261 4274 4)
281 4212 320 4262 Cf.
339 4214 415 4261 Paus.
434 4214 474 4260 IV
494 4225 551 4274 33‚1
573 4228 629 4259 cum
647 4213 721 4259 Paus.
742 4210 808 4259 VIII
827 4209 897 4272 38,3.
