3090 4942
729 372 793 439 ·77

181 578 259 635 tum
287 562 406 648 velim,
435 561 526 635 inter
554 587 615 635 eas
643 562 856 658 primarium
885 564 1008 636 locum
1034 562 1198 635 obtinere
1213 562 1356 635 Atticae

182 690 310 760 urbem
353 687 626 773 nobilissimam,
660 687 695 760 in
724 688 828 761 cuius
857 714 942 761 arce
969 688 1075 783 plura
1102 689 1194 761 deae
1221 688 1358 783 templa
1419 670 1421 674 ¹

182 826 284 885 erant
325 825 516 898 exstructa,
558 812 621 885 ubi
663 814 785 908 plures
827 838 977 909 quoque
1014 839 1176 909 pompae
1203 826 1239 886 et
1267 811 1359 885 festa

181 937 372 1010 sollemnia
414 938 450 1009 in
492 937 669 1010 honorem
707 960 759 1029 τῆς
795 944 952 1018 Πολιάδος
979 939 1191 1033 agebantur.
1221 937 1355 1009 Mirum

182 1061 293 1159 igitur
335 1088 407 1134 non
442 1076 504 1147 est,
532 1063 634 1157 quod
662 1062 826 1158 plerique
854 1061 921 1134 viri
950 1063 1048 1146 docti
1077 1062 1183 1134 deam
1213 1063 1261 1133 ab
1288 1061 1356 1134 hac

182 1188 273 1259 urbe
309 1195 489 1277 Ἀθηναίας
525 1186 601 1259 sive
639 1196 786 1278 Ἀθηνᾶς
823 1186 969 1258 nomine
1003 1200 1249 1281 nuncupatam
1278 1211 1358 1258 esse

183 1311 397 1384 existimant.
440 1311 560 1403 Quam
604 1310 752 1407 quidem
795 1311 1011 1384 sententiam
1040 1311 1069 1383 si
1098 1312 1358 1407 approbemus

183 1423 291 1508 etiam
322 1436 394 1509 hoc
422 1462 490 1532 pro
520 1450 632 1526 certo,
648 1438 868 1509 sumendum
898 1435 973 1521 erit,
997 1436 1069 1508 iam
1098 1435 1358 1531 antiquissimis

183 1561 410 1655 temporibus
452 1562 694 1634 Athenienses
736 1575 926 1656 tantopere
959 1561 1123 1665 potentia
1150 1586 1193 1633 ac
1221 1560 1358 1633 viribus

184 1686 311 1758 ceteris
345 1685 549 1759 civitatibus
577 1687 831 1782 praevaluisse,
860 1699 900 1758 ut
926 1710 992 1781 per
1019 1698 1133 1758 totam
1164 1685 1356 1759 Graeciam

184 1811 290 1882 deam
320 1836 424 1882 suam
453 1813 720 1908 pervulgarent.
750 1813 859 1895 Nam,
874 1824 914 1882 ut
932 1836 1044 1905 supra
1059 1811 1359 1899 commemoravi-

185 1960 265 2008 mus
280 1931 315 2032 1),
343 1936 608 2031 posterioribus
636 1936 864 2032 temporibus
879 1936 914 2007 in
930 1936 1100 2008 omnibus
1116 1934 1191 2008 lere
1205 1935 1359 2008 urbibus

184 2060 330 2133 Athena
370 2062 483 2133 tutela
522 2061 727 2134 habebatur
760 2059 793 2159 ²).
834 2060 1063 2133 Testimonio
1104 2073 1225 2133 tamen
1259 2061 1358 2133 nullo

184 2185 372 2281 cognitum
415 2186 594 2259 habemus
636 2212 675 2259 re
698 2212 784 2258 vera
812 2185 975 2259 Athenas
1004 2186 1201 2280 aliquando
1230 2185 1359 2258 ceteris

185 2310 337 2382 urbibus
379 2312 512 2406 opibus
554 2312 805 2396 antecessisse;
847 2310 961 2382 immo
989 2336 1057 2407 pro
1087 2324 1186 2383 certo
1216 2324 1360 2383 constat

184 2436 304 2508 adhuc
347 2436 495 2509 Solonis
536 2450 654 2509 aetate
695 2437 780 2509 satis
823 2434 1002 2507 infirmam
1046 2435 1157 2508 luisse
1185 2460 1260 2508 rem
1293 2461 1360 2531 pu-

183 2560 316 2633 blicam
345 2560 632 2634 Atheniensium.
665 2562 803 2634 Vereor
830 2559 950 2656 igitur,
978 2585 1023 2632 ne
1050 2561 1238 2657 vulgarem
1268 2561 1360 2632 deae'

184 2685 342 2758 nominis
379 2685 637 2782 interpretandi
665 2685 842 2758 rationem
871 2685 995 2770 secuti,
1022 2685 1133 2781 longe
1161 2711 1183 2757 a
1209 2686 1360 2757 veritate

185 2812 414 2896 aberremus;
452 2813 693 2906 quamobrem
724 2811 830 2882 aliam
859 2809 981 2906 potius
1009 2810 1104 2882 viam
1129 2810 1359 2906 ingressurus

183 2960 275 3007 sum.
303 2937 446 3009 Paucos
474 2937 569 3009 enirn
599 2961 714 3009 annos
742 2935 873 3007 abhinc
899 2936 947 3006 H.
976 2937 1120 3008 Usener
1135 2934 1169 3005 in
1200 2935 1359 3031 egregiis

184 3059 251 3131 illis
272 3082 274 3086 ⁴
296 3061 433 3147 studiis,
474 3088 569 3156 quae
615 3060 662 3134 de
703 3062 930 3152 Graecorum
973 3059 1126 3132 deorum
1169 3059 1358 3131 nominum

186 3183 326 3278 origine
358 3210 401 3257 ac
429 3187 578 3282 propria
606 3184 871 3283 significatione
900 3197 1023 3280 agunt,
1051 3184 1158 3256 variis
1185 3184 1360 3279 exemplis

186 3306 448 3382 demonstravit
498 3313 696 3407 permultas
738 3313 856 3395 urbes
898 3335 993 3404 quae
1034 3334 1187 3381 numero
1231 3309 1359 3405 plurali

186 3448 453 3528 nuncupantun
480 3461 502 3507 a
533 3437 604 3508 dea
632 3436 791 3531 quadam
821 3434 896 3507 sive
925 3433 1089 3531 nympha
1116 3434 1265 3505 nomina
1292 3447 1360 3505 tra-

226 3592 250 3652 1)
270 3591 309 3642 Cf.
329 3609 386 3656 pag.
410 3594 448 3642 18.

224 3685 248 3742 2)
266 3683 297 3729 E.
317 3682 404 3746 Meyer
430 3689 481 3730 tam
509 3681 578 3730 firme
602 3699 748 3746 persuasum
766 3682 843 3732 habet
861 3684 892 3731 ab
912 3683 972 3731 urbe
991 3682 1101 3730 Athenis
1120 3682 1240 3745 originem
1260 3681 1360 3730 duxisse

186 3770 267 3827 dcam,
297 3777 324 3818 ut
342 3769 390 3819 hoc
409 3786 459 3819 uno
477 3780 622 3834 argumento
642 3772 709 3820 nisus
729 3788 779 3820 non
799 3772 949 3819 dubitaverit
968 3788 1014 3835 pro
1033 3777 1100 3819 certo
1119 3769 1240 3818 affirmare
1258 3786 1284 3817 rc
1303 3786 1360 3818 vera

187 3858 301 3908 Athenas
321 3860 493 3909 remotissimis
514 3860 668 3924 temporibus
688 3860 777 3925 opibus
797 3859 922 3908 floruisse:
947 3860 972 3907 ll
996 3872 1092 3923 114sq.
1114 3858 1205 3915 „Noch
1224 3858 1360 3907 deutlicher

187 3948 219 3995 ist
238 3949 282 3996 der
301 3949 378 3998 locale
397 3950 529 4013 Ursprung
547 3949 592 3997 der
608 3949 696 3998 thtin
715 3965 764 3996 von
783 3948 879 3997 Athen.
900 3949 981 3996 Eincu
1002 3948 1173 4011 Eigennamen
1191 3947 1235 3998 hat
1244 3949 1280 3997 sie
1290 3948 1360 3996 liber·

186 4035 265 4101 haupt
283 4037 359 4096 nicht,
379 4039 414 4086 sie
433 4037 510 4086 heisst
531 4038 589 4101 „die
607 4054 656 4085 von
676 4037 779 4086 Athen”
801 4037 970 4107 (Ἀθηναία)
983 4074 1130 4095 ........
1134 4038 1223 4087 Dieser
1241 4039 1360 4099 Vorgang

186 4131 289 4182 beweist
308 4135 363 4182 eine
382 4133 577 4196 Machtstellung
596 4134 696 4182 Athens
716 4134 740 4181 in
759 4133 804 4181 der
822 4131 927 4181 anesten
947 4134 1008 4189 Zeu,
1028 4148 1077 4180 von
1095 4133 1140 4181 der
1158 4149 1245 4182 unsere
1264 4133 1360 4180 Ueber-

189 4221 313 4287 lielerung
332 4224 404 4272 keine
422 4225 488 4289 Spur
506 4224 576 4273 mehr
594 4224 707 4272 bewahrt
724 4222 792 4271 hat.''
