3090 4942
748 336 794 422 76

184 547 364 620 Helicone
400 546 701 643 cognominatum
735 572 778 619 ac
806 546 891 619 inde
919 547 954 618 in
984 547 1111 620 Asiam
1141 549 1361 621 translatum

122 732 126 739 .
184 698 263 745 esse
304 699 326 745 a
367 671 485 757 Ioniis,
526 671 588 766 qui
629 672 719 744 alios
760 697 910 766 quoque
939 673 1148 769 complures
1180 674 1301 747 cultus
1340 701 1363 748 e

184 797 337 869 Boeotia
367 822 493 869 secum
535 796 760 869 traduxerint
787 797 861 868 veri
889 797 991 869 ducit
1018 796 1251 870 simillimum.
1293 800 1363 871 At-

184 935 305 994 tamen
347 923 394 994 de
426 922 497 993 hoc
532 928 723 1001 Ποσοδοοος
746 922 847 993 cultu
876 921 1231 1023 Boeoticoomuino
1258 924 1364 997 nulla

185 1060 325 1119 exstant
364 1045 578 1131 testimonia
619 1046 685 1118 nisi
726 1046 939 1119 Aristarcho
975 1061 1126 1120 auctore
1163 1048 1362 1122 credamus

184 1171 305 1269 (Arist.
333 1173 380 1244 ad
413 1172 450 1243 Il.
482 1172 627 1268 Y404),
652 1177 842 1256 Ποσειδῶνα,
865 1173 927 1266 qui
956 1173 991 1243 in
1020 1172 1180 1245 carmine
1206 1172 1362 1246 heroico

183 1301 365 1376 Εελικώοιος
386 1302 484 1375 runa}
506 1308 657 1367 vocetur
672 1296 714 1392 (Υ
737 1297 837 1393 404),
853 1296 1136 1393 intellegendum
1152 1322 1231 1370 esse
1244 1298 1361 1370 deum

184 1420 219 1492 in
249 1421 422 1493 Boeotiae
450 1434 573 1493 monte
603 1421 782 1493 Helicone
810 1422 956 1493 cultum.
993 1421 1206 1494 Aristarcho
1234 1435 1361 1495 autem

185 1572 230 1618 ne
266 1545 540 1641 adstipulamur,
578 1559 727 1618 monent
764 1545 822 1618 ahi
852 1548 1007 1619 Homeri
1037 1572 1171 1632 versus
1199 1547 1261 1619 ubi
1290 1549 1363 1619 Po

183 1671 311 1743 seidon
339 1670 510 1743 Achaeae
538 1670 638 1743 urbis
667 1670 819 1743 Helicae
846 1671 1059 1766 praesidens
1092 1697 1361 1744 commemora-

183 1809 242 1868 tur
263 1791 295 1892 ¹).
333 1796 582 1887 Quamobrem
626 1796 800 1868 maiorem
843 1794 953 1868 fidem
984 1796 1185 1869 Pausaniae
1209 1798 1361 1870 Strabo-

185 1920 313 2014 nisque
341 1920 539 1993 sententiae
566 1921 796 1993 tribuendam
817 1947 897 1993 esse
912 1947 1053 2008 censeo
1068 1947 1179 2014 quam
1201 1921 1361 2017 Gruppii

186 2044 478 2140 interpretationi.

239 2170 314 2242 Sed
355 2148 445 2242 haec
488 2172 534 2243 de
572 2179 751 2243 Harudum.
788 2171 1026 2244 Pervenimus
1063 2171 1135 2244 iam
1164 2172 1211 2244 ad
1240 2171 1362 2255 deam,

185 2294 288 2367 cuius
330 2295 448 2368 cultus
482 2295 517 2367 in
554 2295 644 2368 locis
678 2295 783 2368 editis
812 2296 941 2368 ultimo
969 2297 1053 2369 loco
1082 2296 1361 2391 pertractandos

186 2420 273 2491 mihi
301 2420 450 2516 sumpsi,
475 2428 625 2528 'stupor
649 2419 744 2492 dico,

665 2624 876 2632 -—--—-—

506 2751 568 2821 DE
591 2757 728 2839 Αθηνᾶς
751 2774 1034 2823 VENERATIONE.

238 3093 513 3163 innumerarum
543 3088 688 3160 urbium
714 3113 862 3184 praeses
884 3089 1089 3162 habebatur
1115 3098 1362 3185 'Aequaquo-

184 3218 281 3289 circa
308 3213 489 3287 Aristides
502 3211 537 3312 2),
574 3213 633 3285 vix
670 3213 858 3286 veritatem
897 3239 1076 3309 egressus,
1114 3214 1161 3286 de
1198 3239 1242 3287 ea
1269 3214 1361 3287 haec

186 3340 390 3438 praedicat:
413 3351 484 3410 arhiv
507 3351 539 3409 αἱ
563 3346 666 3419 πόλεις
685 3346 766 3428 δῶρα
788 3347 955 3429 Ἀθηνᾶς.
971 3396 977 3407 .
994 3396 1000 3408 .
1017 3395 1045 3408 ..
1069 3344 1241 3429 Πολιοῦχος
1262 3343 1361 3408 ἅπασι

186 3473 325 3556 κέκληται
352 3478 387 3536 et
410 3462 481 3535 aliO
496 3463 579 3535 lOCO
592 3489 598 3535 ἰ
612 3468 742 3534 Πόλεων
755 3469 785 3533 δὲ
800 3484 909 3534 πασῶν
922 3473 977 3542 τὰς
990 3472 1122 3552 κορυφὰς
1133 3466 1188 3551 ’ἔχει
1202 3467 1361 3552 (Ἀθηνᾶ)

186 3600 266 3660 κατὰ
280 3599 397 3679 κράτος.
415 3588 516 3680 Quas
532 3587 681 3681 quidem
697 3588 806 3658 urbes
822 3611 949 3658 omnes
965 3609 1179 3657 enumerare
1194 3609 1216 3655 a
1229 3608 1363 3679 propo-

187 3712 256 3785 sito
273 3738 355 3784 mco
372 3712 529 3785 alienum
546 3725 600 3784 est
613 3710 656 3807 3);
671 3711 742 3782 hoc
758 3711 841 3783 loco
857 3724 997 3783 tantum
1013 3709 1050 3781 id
1065 3734 1178 3781 unum
1195 3709 1363 3780 observa-

226 3937 250 3997 1)
269 3937 312 3984 Ct.
332 3935 403 3983 Iliad.
426 3938 449 3987 Θ
470 3947 521 3982 200
539 3954 560 3981 e.
572 3951 595 3997 q.
607 3951 626 3981 s.
647 3942 670 3981 et
690 3932 787 3981 Iliaddt
809 3943 869 3996 575.

222 4039 246 4083 2)
266 4031 371 4078 Aristid,
392 4029 451 4079 Vol.
472 4030 484 4076 I
503 4046 528 4092 p.
552 4039 580 4088 17
602 4038 626 4076 ct
645 4045 669 4092 p.
694 4039 722 4091 15
744 4023 857 4091 (Dium).

221 4123 246 4182 3)
265 4121 291 4167 si
320 4119 375 4182 quis
403 4119 487 4167 omnia
512 4127 622 4166 vetorum
642 4116 792 4173 testimonia,
813 4131 875 4179 quae
894 4115 943 4163 huc
962 4116 1095 4179 pertinent,
1115 4127 1263 4175 cognoscere
1287 4112 1363 4176 cupit,

187 4209 304 4274 inspiciat
321 4208 411 4256 librum
431 4209 476 4254 viri
496 4207 562 4255 docti
582 4208 612 4255 L.
633 4207 667 4253 R.
688 4206 794 4263 Farnell,
816 4204 845 4254 C.
857 4221 880 4253 o.
892 4205 935 4254 Gr.
949 4206 986 4253 St.
1006 4206 1017 4251 Ι
1040 4214 1189 4267 293-302.
1208 4215 1256 4266 391
1273 4217 1297 4253 e.
1306 4216 1332 4266 q.
1343 4216 1364 4253 S.
