3106 4942
742 406 787 475 25

178 593 351 666 omnibus
381 594 560 667 montium
589 596 927 691 personificationes
953 599 1214 695 repraesentari
1233 601 1350 696 perhi-

177 717 264 791 buit.
289 719 362 811 Qui
381 719 466 793 licet
479 719 534 792 vir
552 721 693 809 doctus,
708 721 821 795 nimio
835 723 958 796 studio
972 725 1062 797 tales
1077 726 1255 799 montium
1271 752 1350 822 per-

176 843 446 918 sonificationes
474 845 673 942 indagandi
701 849 910 943 perductus,
938 849 1033 922 iusto
1053 876 1206 925 numero
1226 853 1348 948 plures

177 968 330 1043 fortasse
357 969 442 1042 huic
469 971 595 1066 generi
623 971 826 1046 attribuerit
843 971 878 1072 1)‚
905 988 1036 1061 tamen,
1065 976 1166 1071 quod
1191 977 1238 1050 ad
1252 1003 1349 1050 sum-

177 1120 274 1168 mam
312 1094 364 1168 rei
397 1095 531 1181 attinet,
560 1096 709 1169 minime
736 1098 925 1172 veritatem
954 1125 1124 1196 egressus
1152 1127 1231 1176 esse
1259 1102 1347 1175 mihi

176 1219 328 1294 videtur.

229 1344 317 1418 Sine
344 1346 417 1418 ulla
445 1346 540 1419 enim
569 1347 797 1422 dubitatione
824 1348 1083 1424 affirmaverim
1113 1367 1273 1426 montes:
1292 1353 1348 1427 Ci-

175 1471 387 1543 thaeronem
417 1472 520 1544 ldam
547 1473 718 1546 Latmum
748 1475 954 1548 Caucasum
982 1478 1141 1549 Aetnam
1170 1477 1345 1550 Tmolum

177 1596 361 1693 Cynthum
398 1597 594 1684 Albanum,
623 1598 659 1670 in
687 1599 904 1697 anaglyphis
931 1600 1123 1675 hominum
1152 1602 1347 1699 effigiebus

175 1720 317 1795 effictos
359 1747 438 1796 esse
465 1719 499 1821 2).
537 1723 753 1797 Praesertim
771 1725 922 1798 ¹nummi
952 1727 1130 1800 montium
1159 1728 1347 1823 personifi-

176 1847 360 1921 cationum
390 1849 557 1945 exempla
584 1848 755 1923 exhibent
782 1851 973 1946 complura
1001 1876 1118 1947 eaque
1137 1853 1347 1927 certissima.

176 1974 216 2044 ln
257 1972 313 2046 his
351 1974 534 2071 Olympus
571 1977 671 2048 Peon
706 1976 875 2049 Haemus
904 1977 969 2049 lda
998 1977 1184 2074 Rhodope
1212 1978 1346 2074 aliique

176 2111 318 2172 montes
331 2099 431 2172 haud
441 2100 549 2195 pauci
560 2126 824 2196 saepenumero
835 2101 871 2173 in
882 2102 1042 2176 nummis
1051 2102 1209 2177 hominis
1219 2105 1346 2178 seden-

173 2223 218 2297 tis
246 2223 367 2320 figura
393 2225 553 2320 expressi
580 2240 681 2311 sunt;
710 2252 804 2322 quos
823 2226 972 2321 quidem
988 2252 1116 2302 omnes
1131 2255 1345 2303 enumerare

173 2365 236 2424 aut
258 2349 337 2423 fuse
364 2363 585 2446 pertractare
611 2351 765 2447 longum
789 2365 862 2437 est;
885 2397 935 2406 —
951 2352 1010 2425 alii
1024 2334 1175 2448 copiose
1189 2354 1260 2426 iam
1276 2354 1345 2428 hac

173 2476 220 2549 de
249 2501 287 2548 re
315 2490 469 2572 egerunt
486 2470 511 2574 3)
540 2521 589 2530 -
620 2476 708 2549 mihi
735 2502 823 2550 vero
851 2477 987 2552 sufficit
1014 2479 1141 2574 paucis
1169 2479 1344 2576 exemplis

173 2600 384 2687 ostendisse,
421 2627 460 2673 re
496 2626 583 2674 vera
619 2602 706 2674 olim
744 2604 973 2677 Graecorum
1012 2604 1125 2677 moris
1157 2604 1277 2690 fuisse,
1305 2618 1345 2678 ut

174 2739 316 2799 montes
344 2727 504 2800 colerent
531 2740 719 2822 tamquam
740 2753 915 2824 personas
934 2729 1087 2803 divinos.
1108 2731 1345 2803 Documenta

173 2864 295 2924 autem
338 2866 374 2925 et
414 2851 623 2948 specimina,
670 2879 714 2927 ex
746 2854 964 2951 anaglyphis
1006 2855 1243 2951 numinisque
1284 2857 1344 2929 de-

171 2973 358 3075 sumptal),
374 2976 498 3050 omnia
511 2978 740 3073 temporibus
754 2979 1011 3053 Alexandrinis
1025 3006 1099 3054 non
1114 2981 1343 3054 antecedunt.

174 3101 315 3175 Dixerit
356 3101 467 3198 igitur
508 3101 661 3198 fortasse
703 3103 884 3200 quispiam
926 3104 1020 3178 hanc
1048 3105 1341 3201 superstitionem

170 3226 434 3323 posterioribus
477 3227 627 3300 demum
669 3229 899 3326 temporibus
940 3244 1057 3304 ortam
1100 3256 1189 3317 esse,
1223 3255 1342 3325 neque

210 3461 233 3522 1)
251 3460 292 3508 De
310 3477 360 3525 qua
378 3476 403 3510 re
424 3461 482 3509 vide
502 3463 536 3510 A.
556 3461 658 3520 Gerber,
677 3461 765 3526 Suppl.
785 3462 810 3510 d.
830 3463 865 3510 N.
881 3461 969 3526 Jahrb.
989 3461 1006 3510 f.
1026 3463 1096 3511 class.
1110 3461 1176 3510 Phil.
1187 3463 1260 3511 Band
1270 3463 1342 3511 XIII

172 3548 251 3598 Abth.
271 3550 312 3598 VI
329 3551 416 3613 Berge.
1415 3613 1418 3618 ¹

207 3641 230 3700 2)
259 3639 297 3688 Cf.
319 3640 352 3688 Ο.
376 3638 485 3697 Schultz,
505 3639 555 3687 Die
574 3639 774 3702 Ortsgottheiten
792 3641 818 3688 in
837 3641 881 3689 der
899 3639 990 3704 griech.
1009 3642 1060 3690 und
1079 3645 1140 3689 rbm.
1161 3639 1245 3689 kunst.
1256 3640 1342 3690 Berlin

174 3727 248 3790 1889.
268 3728 398 3792 Steuding,
417 3727 515 3777 Rosch.
534 3730 610 3778 Ausl.
628 3729 690 3780 Lex.
709 3729 736 3777 II
756 3742 833 3778 2121.

207 3813 234 3882 3)
258 3817 298 3866 Cf.
317 3817 414 3867 Rosch.
434 3820 468 3867 A.
486 3819 517 3879 L..
536 3818 571 3866 II.
592 3817 669 3877 2126,
688 3818 731 3865 ubi
749 3825 869 3877 auctoreS,
888 3820 932 3882 qui
949 3819 997 3868 hac
1017 3820 1049 3868 de
1068 3835 1093 3868 re
1106 3820 1262 3885 scripserunt,
1273 3835 1340 3868 com-

171 3914 352 3963 memorantum
375 3907 465 3970 quibus
485 3914 568 3954 tamen
587 3923 650 3954 unus
669 3906 799 3956 addendus
818 3915 856 3956 est
874 3908 1003 3957 Behrendt
1020 3909 1092 3968 Pick,
1108 3896 1340 3967 ‘‚,dleAnt.Miinz.

171 4011 220 4044 von
238 3996 335 4044 Dacien
354 3996 405 4043 und
424 3997 565 4044 Moesien¹'.
584 3995 651 4046 Berl.
674 3995 739 4057 1898
760 4012 803 4060 pp.
827 4010 884 4060 194,
904 4010 954 4060 342
973 4014 1028 4062 sqq.

206 4081 233 4150 4)
262 4085 302 4132 De
324 4085 464 4148 effigiebuS,
483 4101 547 4149 quae
566 4086 592 4132 in
610 4086 712 4149 picturis
731 4086 858 4150 parietinis
877 4095 901 4134 et
919 4087 1007 4136 crustis
1026 4088 1191 4136 vermiculatis
1209 4104 1340 4152 expressae

170 4181 236 4235 sunt,
264 4174 377 4222 consulto
400 4189 451 4223 non
470 4174 565 4224 locutus
584 4191 648 4234 sum,
667 4175 785 4238 quoniam
804 4176 924 4241 exempla,
944 4192 1007 4240 quae
1026 4193 1056 4226 ex
1073 4177 1121 4233 illis
1140 4179 1244 4234 fortasse
1261 4179 1339 4249 repeti

169 4268 284 4329 possunt,
302 4264 386 4313 omnia
404 4280 479 4330 quam
498 4265 605 4314 maxime
623 4264 774 4316 dubitationi
792 4266 900 4316 obnoxia
918 4271 983 4320 sunt.
