3090 4942
765 372 815 440 30

256 566 331 640 Sed
359 565 451 638 inter
478 577 532 637 tot
558 563 778 661 scriptorum
806 576 970 637 veterum
999 563 1047 636 de
1067 572 1116 633 Διί
1140 562 1176 635 in
1191 562 1377 636 montibus

202 692 301 764 culto
328 690 545 777 testimonia,
572 690 686 786 digna
714 688 892 786 imprimis
920 703 1013 774 sunt,
1041 688 1089 760 de
1116 688 1250 784 quibus
1264 689 1376 784 paulo

202 816 407 890 accuratius
421 829 552 913 agatur
567 842 619 902 ea,
634 841 729 910 quae
743 816 790 888 de
812 825 863 885 Λιί
883 825 1014 909 Λυκαίῳ
1024 812 1189 887 Arcadio
1204 814 1276 887 deo
1291 838 1377 909 cog-

203 942 278 1015 nita
317 942 505 1015 habemus.
548 943 648 1014 Nam
691 940 727 1013 in
756 940 816 1012 illo
846 941 946 1014 cultu
974 953 1184 1036 pervetusto
1217 938 1377 1012 dilucide

203 1065 459 1164 conspicimus
486 1066 620 1162 quibus
648 1065 878 1139 caerimoniis
897 1064 1100 1161 ritibusque
1114 1063 1246 1137 divinis
1261 1088 1377 1136 remo-

201 1192 348 1266 tissimis
388 1191 617 1288 temporibus
658 1192 749 1265 deos
787 1191 822 1263 in
860 1190 1015 1264 summis
1043 1189 1229 1262 montibus
1257 1189 1378 1261 colere

202 1318 298 1392 soliti
343 1317 414 1392 sint
468 1317 610 1391 Graeci.
652 1317 780 1390 Rudes
821 1316 918 1389 enim
962 1315 1161 1410 incultique
1201 1315 1378 1400 Arcades

203 1448 414 1533 ποοοολήυακοκ
450 1440 508 1528 illi,
545 1441 608 1538 qui
637 1441 823 1515 montibus
851 1442 1111 1537 undecumque
1139 1439 1379 1526 circumclusi,

203 1593 225 1639 a
265 1567 489 1641 commercio
540 1590 624 1640 cum
667 1566 815 1662 reliquis
856 1566 1009 1642 Graecis
1049 1564 1223 1662 prohibiti
1265 1578 1378 1651 erant,

203 1693 407 1788 priscorum
437 1712 582 1765 morum
610 1693 765 1789 vestigia
791 1692 993 1766 diutissime
1021 1691 1254 1765 retinuerunt

256 1818 457 1891 Videamus
484 1817 604 1913 igitur,
632 1818 722 1913 quid
749 1818 945 1915 scriptores
973 1830 1114 1891 veteres
1133 1818 1180 1889 de
1198 1815 1259 1888 illo
1279 1816 1378 1889 cultu

205 1956 506 2016 commemorent

257 2069 440 2164 Supremo
484 2068 520 2140 in
562 2067 697 2141 vertice
739 2069 872 2142 montis
909 2079 1051 2141 Λυκαίου
1074 2066 1151 2141 sive
1174 2073 1339 2155 Ὀλύμπου
1353 2063 1378 2164 ¹)

202 2194 365 2267 tumulus
406 2193 556 2288 quidam
599 2219 666 2289 pro
709 2219 773 2266 ara
806 2206 877 2275 Διὸς
900 2215 956 2265 τοῦ
978 2202 1122 2263 Λυκαίου
1159 2205 1244 2265 erat.
1280 2193 1379 2263 Ante

203 2344 306 2391 aram
335 2320 431 2392 duae
459 2333 561 2392 erant
589 2318 806 2392 constitutae
834 2317 1036 2403 columnae,
1065 2318 1113 2390 ad
1140 2317 1228 2391 solis
1257 2329 1378 2389 ortum

204 2468 411 2530 conversae,
456 2443 492 2515 in
539 2444 673 2539 quibus
715 2443 859 2539 aquilae
900 2443 1087 2515 inauratae
1119 2442 1331 2515 insistebant
1344 2438 1370 2537 ²)
1411 2542 1414 2546 ι

203 2569 328 2642 Aedes
370 2569 468 2641 nulla
508 2584 602 2654 erat;
644 2571 715 2642 deo
744 2569 855 2666 igitur
882 2568 1034 2665 pristino
1064 2592 1167 2640 more
1194 2568 1264 2640 sub
1292 2566 1378 2639 divo

203 2719 308 2767 sacra
340 2694 530 2767 faciebant.

258 2818 449 2904 Homines,
464 2819 681 2915 plerumque
695 2845 839 2916 pueros,
853 2832 894 2891 ut
906 2813 1095 2915 videmr³)‚
1109 2831 1157 2891 Λιί
1170 2828 1301 2913 Λυκαίῳ
1315 2815 1379 2888 im-

204 2945 400 3017 molabant.
412 2945 498 3016 Hoc
507 2944 728 3017 sacrificium
740 2945 900 3017 immane
909 2957 1020 3038 atque
1031 2940 1378 3036 lerum,qu0dnobis

204 3070 428 3142 documento
457 3082 521 3155 est,
549 3071 712 3143 Graecos
739 3069 991 3142 remotissimis
1020 3066 1248 3162 temporibus
1263 3091 1379 3162 popu·

203 3194 246 3267 lis
283 3193 426 3266 incultis
466 3207 502 3266 et
542 3194 800 3268 semibarbaris
841 3194 942 3267 haud
979 3192 1188 3288 superiores
1217 3190 1329 3264 luisse
1342 3186 1378 3289 ⁴),

245 3426 267 3478 Ι)
286 3416 362 3465 Paus.
380 3416 449 3463 VIII
468 3415 538 3477 38,2.

242 3515 266 3566 2)
284 3506 360 3553 Paus.
379 3504 448 3553 VIII
467 3503 538 3567 38,7.

241 3595 268 3656 3)
292 3595 369 3643 Paus.
392 3594 461 3642 VIII
482 3605 532 3655 2,3.
551 3593 634 3641 Varro
653 3592 720 3656 apud
738 3594 847 3655 August.
866 3591 898 3639 de
917 3591 947 3642 C.
966 3592 1000 3641 D.
1020 3591 1127 3648 XVIII,
1152 3600 1191 3651 17.
1210 3590 1276 3640 Pli11.
1288 3592 1323 3640 N.
1342 3592 1377 3642 Η.

205 3683 273 3731 VIII
292 3682 335 3732 82.
355 3683 394 3732 Cf.
414 3681 591 3739 Wachsmuth‚
611 3681 722 3731 Alterth.
741 3681 769 3728 ΙΙ
789 3693 812 3739 2,
834 3693 884 3743 ²²4
904 3696 959 3744 sqq.

241 3775 266 3835 4)
285 3772 324 3821 Cl.
343 3772 457 3820 Andrew
475 3773 555 3833 Lang,
575 3769 659 3834 Myth.
678 3771 719 3819 rit.
737 3786 761 3819 a.
779 3768 823 3819 rel.
841 3770 854 3817 I
874 3768 967 3834 Chapt.
985 3769 1037 3818 IX.

240 3862 386 3908 Robertson
411 3859 503 3918 Smith‚
532 3861 596 3910 Enc.
623 3860 687 3910 Brit.
706 3858 766 3909 Vol.
786 3859 860 3906 XXI
878 3875 904 3922 p.
933 3857 982 3921 136
1001 3874 1022 3909 s.
1032 3874 1056 3908 v.
1077 3856 1217 3922 „sacrifice”
1238 3857 1379 3906 haedere

204 3949 266 3998 hacc
284 3949 374 3998 habet:
396 3951 432 4007 „it
450 3965 507 4014 may
524 3950 556 3997 be
574 3949 699 4010 congrued
718 3947 772 3996 that
791 3947 833 3995 the
850 3946 945 3995 human
964 3945 1085 3995 sacrifices
1096 3946 1190 3995 offered
1206 3954 1233 3994 to
1250 3947 1292 3995 the
1307 3946 1380 3994 woll-

206 4041 269 4088 Zeus
297 4039 429 4102 (Lycaeus)
458 4039 482 4085 in
509 4039 618 4086 Arcadia
637 4052 703 4085 were
725 4036 854 4100 originally
877 4035 993 4084 cannibal
1016 4032 1111 4084 leasts”
1130 4036 1189 4098 („of
1203 4052 1218 4083 a
1237 4035 1377 4084 wolltribe'’

205 4129 276 4177 addit
302 4129 340 4176 vir
367 4128 464 4188 doctus,
491 4127 529 4174 cui
548 4127 676 4191 proprium
703 4134 741 4174 est
760 4141 839 4189 usque
857 4141 955 4189 quaque
974 4126 1112 4174 totemismi
1131 4126 1236 4189 vestigia
1254 4125 1378 4187 delegisse

205 4219 253 4267 sibi
272 4217 371 4279 videri.)
