<?xml version="1.0" encoding="UTF-8"?>
<!DOCTYPE html PUBLIC "-//W3C//DTD XHTML 1.0 Transitional//EN"
    "http://www.w3.org/TR/xhtml1/DTD/xhtml1-transitional.dtd">
<html xmlns="http://www.w3.org/1999/xhtml" xml:lang="en" lang="en">
 <head>
  <title>
</title>
<meta http-equiv="Content-Type" content="text/html;charset=utf-8" />
  <meta name='ocr-system' content='tesseract 3.04.00' />
  <meta name='ocr-capabilities' content='ocr_page ocr_carea ocr_par ocr_line ocrx_word'/>
</head>
<body>
  <div class='ocr_page' id='page_1' title='image "./dediisinlocised00albegoog_0103.png"; bbox 0 0 3090 4942; ppageno 0'>
   <div class='ocr_carea' id='block_1_1' title="bbox 749 364 797 448">
    <p class='ocr_par' dir='ltr' id='par_1_1' title="bbox 749 364 797 448">
     <span class='ocr_line' id='line_1_1' title="bbox 749 364 797 448; baseline 0 0"><span class='ocrx_word' id='word_1_1' title='bbox 749 364 797 448; x_wconf 76' lang='grc' dir='ltr'>ὃν</span> 
     </span>
    </p>
   </div>
   <div class='ocr_carea' id='block_1_2' title="bbox 185 571 1441 1800">
    <p class='ocr_par' dir='ltr' id='par_1_2' title="bbox 185 571 1441 1521">
     <span class='ocr_line' id='line_1_2' title="bbox 186 571 1441 670; baseline 0 -23"><span class='ocrx_word' id='word_1_2' title='bbox 186 598 273 670; x_wconf 89' lang='lat' dir='ltr'>pere</span> <span class='ocrx_word' id='word_1_3' title='bbox 296 585 347 645; x_wconf 83' lang='grc' dir='ltr'>Διί</span> <span class='ocrx_word' id='word_1_4' title='bbox 380 584 469 670; x_wconf 77' lang='grc' dir='ltr'><strong><em>ὑιτίῳ</em></strong></span> <span class='ocrx_word' id='word_1_5' title='bbox 493 572 569 647; x_wconf 91' lang='lat' dir='ltr'>sive</span> <span class='ocrx_word' id='word_1_6' title='bbox 593 605 738 669; x_wconf 77' lang='grc' dir='ltr'><strong><em>κεραοιιῳ</em></strong></span> <span class='ocrx_word' id='word_1_7' title='bbox 762 571 959 646; x_wconf 92' lang='lat' dir='ltr'>consimilis</span> <span class='ocrx_word' id='word_1_8' title='bbox 987 586 1050 660; x_wconf 86' lang='lat' dir='ltr'>est,</span> <span class='ocrx_word' id='word_1_9' title='bbox 1078 587 1118 646; x_wconf 94' lang='lat' dir='ltr'>ut</span> <span class='ocrx_word' id='word_1_10' title='bbox 1131 573 1254 670; x_wconf 88' lang='lat' dir='ltr'>potius</span> <span class='ocrx_word' id='word_1_11' title='bbox 1270 599 1355 647; x_wconf 89' lang='lat' dir='ltr'>curn</span> <span class='ocrx_word' id='word_1_12' title='bbox 1440 600 1441 603; x_wconf 68' lang='grc'>’</span> 
     </span>
     <span class='ocr_line' id='line_1_3' title="bbox 185 696 1355 797; baseline 0.001 -26"><span class='ocrx_word' id='word_1_13' title='bbox 185 699 257 772; x_wconf 94' lang='lat' dir='ltr'>hoc</span> <span class='ocrx_word' id='word_1_14' title='bbox 298 700 370 772; x_wconf 89' lang='lat' dir='ltr'>deo</span> <span class='ocrx_word' id='word_1_15' title='bbox 412 725 522 795; x_wconf 93' lang='lat' dir='ltr'>quam</span> <span class='ocrx_word' id='word_1_16' title='bbox 566 724 650 772; x_wconf 94' lang='lat' dir='ltr'>cum</span> <span class='ocrx_word' id='word_1_17' title='bbox 674 705 776 794; x_wconf 81' lang='grc' dir='ltr'><strong><em>Ἡλίῳ</em></strong></span> <span class='ocrx_word' id='word_1_18' title='bbox 801 697 1007 797; x_wconf 90' lang='lat' dir='ltr'>comparari</span> <span class='ocrx_word' id='word_1_19' title='bbox 1035 698 1152 796; x_wconf 88' lang='lat' dir='ltr'>possit</span> <span class='ocrx_word' id='word_1_20' title='bbox 1169 696 1203 796; x_wconf 83' lang='lat'>¹).</span> <span class='ocrx_word' id='word_1_21' title='bbox 1231 699 1355 774; x_wconf 88' lang='lat' dir='ltr'>Tertio</span> 
     </span>
     <span class='ocr_line' id='line_1_4' title="bbox 185 823 1357 920; baseline 0.003 -25"><span class='ocrx_word' id='word_1_22' title='bbox 185 825 269 896; x_wconf 95' lang='lat' dir='ltr'>loco</span> <span class='ocrx_word' id='word_1_23' title='bbox 296 849 416 920; x_wconf 90' lang='lat' dir='ltr'>pauca</span> <span class='ocrx_word' id='word_1_24' title='bbox 447 837 588 896; x_wconf 91' lang='lat' dir='ltr'>tantum</span> <span class='ocrx_word' id='word_1_25' title='bbox 616 838 701 897; x_wconf 90' lang='lat' dir='ltr'>sunt</span> <span class='ocrx_word' id='word_1_26' title='bbox 728 837 892 898; x_wconf 88' lang='lat' dir='ltr'>veterum</span> <span class='ocrx_word' id='word_1_27' title='bbox 920 823 1152 911; x_wconf 82' lang='lat' dir='ltr'>documenta,</span> <span class='ocrx_word' id='word_1_28' title='bbox 1179 850 1274 918; x_wconf 92' lang='lat' dir='ltr'>quae</span> <span class='ocrx_word' id='word_1_29' title='bbox 1288 838 1357 900; x_wconf 88' lang='lat' dir='ltr'>tes-</span> 
     </span>
     <span class='ocr_line' id='line_1_5' title="bbox 185 948 1357 1048; baseline 0.002 -27"><span class='ocrx_word' id='word_1_30' title='bbox 185 962 307 1021; x_wconf 84' lang='lat' dir='ltr'>tantur</span> <span class='ocrx_word' id='word_1_31' title='bbox 333 948 462 1044; x_wconf 85' lang='lat' dir='ltr'>priscis</span> <span class='ocrx_word' id='word_1_32' title='bbox 490 948 717 1046; x_wconf 88' lang='lat' dir='ltr'>temporibus</span> <span class='ocrx_word' id='word_1_33' title='bbox 741 956 855 1021; x_wconf 82' lang='grc' dir='ltr'><strong><em>Ἡλιόυ</em></strong></span> <span class='ocrx_word' id='word_1_34' title='bbox 877 949 1148 1022; x_wconf 89' lang='lat' dir='ltr'>venerationem</span> <span class='ocrx_word' id='word_1_35' title='bbox 1163 975 1229 1048; x_wconf 89' lang='lat' dir='ltr'>per</span> <span class='ocrx_word' id='word_1_36' title='bbox 1243 963 1357 1023; x_wconf 90' lang='lat' dir='ltr'>totam</span> 
     </span>
     <span class='ocr_line' id='line_1_6' title="bbox 186 1073 1359 1170; baseline 0.001 -22"><span class='ocrx_word' id='word_1_37' title='bbox 186 1073 380 1148; x_wconf 83' lang='lat' dir='ltr'>Graeciam</span> <span class='ocrx_word' id='word_1_38' title='bbox 423 1073 590 1148; x_wconf 82' lang='lat' dir='ltr'>floruisse</span> <span class='ocrx_word' id='word_1_39' title='bbox 632 1087 668 1147; x_wconf 89' lang='lat' dir='ltr'>et</span> <span class='ocrx_word' id='word_1_40' title='bbox 708 1073 817 1148; x_wconf 92' lang='lat' dir='ltr'>etiam</span> <span class='ocrx_word' id='word_1_41' title='bbox 859 1073 1036 1170; x_wconf 83' lang='lat' dir='ltr'>pauciora</span> <span class='ocrx_word' id='word_1_42' title='bbox 1068 1100 1112 1147; x_wconf 91' lang='lat' dir='ltr'>ea</span> <span class='ocrx_word' id='word_1_43' title='bbox 1143 1088 1235 1160; x_wconf 84' lang='lat' dir='ltr'>sunt,</span> <span class='ocrx_word' id='word_1_44' title='bbox 1263 1101 1359 1170; x_wconf 92' lang='lat' dir='ltr'>quae</span> 
     </span>
     <span class='ocr_line' id='line_1_7' title="bbox 185 1197 1357 1277; baseline 0.003 -7"><span class='ocrx_word' id='word_1_45' title='bbox 185 1198 296 1271; x_wconf 90' lang='lat' dir='ltr'>deum</span> <span class='ocrx_word' id='word_1_46' title='bbox 325 1197 361 1271; x_wconf 94' lang='lat' dir='ltr'>in</span> <span class='ocrx_word' id='word_1_47' title='bbox 391 1198 576 1272; x_wconf 91' lang='lat' dir='ltr'>montibus</span> <span class='ocrx_word' id='word_1_48' title='bbox 601 1199 738 1272; x_wconf 92' lang='lat' dir='ltr'>cultum</span> <span class='ocrx_word' id='word_1_49' title='bbox 767 1198 879 1277; x_wconf 86' lang='lat' dir='ltr'>fuisse</span> <span class='ocrx_word' id='word_1_50' title='bbox 905 1200 1062 1272; x_wconf 89' lang='lat' dir='ltr'>tradunt.</span> <span class='ocrx_word' id='word_1_51' title='bbox 1102 1202 1193 1272; x_wconf 91' lang='lat' dir='ltr'>Tres</span> <span class='ocrx_word' id='word_1_52' title='bbox 1217 1213 1357 1273; x_wconf 88' lang='lat' dir='ltr'>tantum</span> 
     </span>
     <span class='ocr_line' id='line_1_8' title="bbox 185 1323 1358 1421; baseline 0.005 -29"><span class='ocrx_word' id='word_1_53' title='bbox 185 1329 298 1394; x_wconf 78' lang='grc' dir='ltr'><strong><em>Ἡλίου</em></strong></span> <span class='ocrx_word' id='word_1_54' title='bbox 322 1323 440 1397; x_wconf 89' lang='lat' dir='ltr'>cultus</span> <span class='ocrx_word' id='word_1_55' title='bbox 467 1323 539 1396; x_wconf 95' lang='lat' dir='ltr'>huc</span> <span class='ocrx_word' id='word_1_56' title='bbox 568 1323 740 1398; x_wconf 87' lang='lat' dir='ltr'>facientes</span> <span class='ocrx_word' id='word_1_57' title='bbox 769 1324 869 1421; x_wconf 84' lang='lat' dir='ltr'>apud</span> <span class='ocrx_word' id='word_1_58' title='bbox 892 1323 1086 1421; x_wconf 84' lang='lat' dir='ltr'>scriptores</span> <span class='ocrx_word' id='word_1_59' title='bbox 1102 1337 1241 1398; x_wconf 89' lang='lat' dir='ltr'>veteres</span> <span class='ocrx_word' id='word_1_60' title='bbox 1259 1350 1358 1401; x_wconf 72' lang='lat' dir='ltr'>,com-</span> 
     </span>
     <span class='ocr_line' id='line_1_9' title="bbox 186 1462 444 1521; baseline -0.004 0"><span class='ocrx_word' id='word_1_61' title='bbox 186 1462 444 1521; x_wconf 84' lang='lat' dir='ltr'>memorantur.</span> 
     </span>
    </p>

    <p class='ocr_par' dir='ltr' id='par_1_3' title="bbox 185 1572 1359 1800">
     <span class='ocr_line' id='line_1_10' title="bbox 238 1572 1359 1671; baseline 0.003 -27"><span class='ocrx_word' id='word_1_62' title='bbox 238 1572 401 1658; x_wconf 89' lang='lat' dir='ltr'>Primum</span> <span class='ocrx_word' id='word_1_63' title='bbox 426 1598 611 1647; x_wconf 89' lang='lat' dir='ltr'>summum</span> <span class='ocrx_word' id='word_1_64' title='bbox 627 1573 756 1671; x_wconf 91' lang='lat' dir='ltr'>iugum</span> <span class='ocrx_word' id='word_1_65' title='bbox 773 1573 906 1647; x_wconf 89' lang='lat' dir='ltr'>montis</span> <span class='ocrx_word' id='word_1_66' title='bbox 919 1573 1087 1671; x_wconf 84' lang='lat' dir='ltr'>Taygeti,</span> <span class='ocrx_word' id='word_1_67' title='bbox 1101 1575 1203 1670; x_wconf 90' lang='lat' dir='ltr'>quod</span> <span class='ocrx_word' id='word_1_68' title='bbox 1221 1582 1359 1647; x_wconf 74' lang='grc' dir='ltr'><strong><em>Ταλιιόν</em></strong></span> 
     </span>
     <span class='ocr_line' id='line_1_11' title="bbox 185 1697 1357 1800; baseline 0.003 -30"><span class='ocrx_word' id='word_1_69' title='bbox 185 1697 446 1795; x_wconf 86' lang='lat' dir='ltr'>appellabatur,</span> <span class='ocrx_word' id='word_1_70' title='bbox 475 1704 575 1794; x_wconf 78' lang='grc' dir='ltr'>Ἡλίῳ</span> <span class='ocrx_word' id='word_1_71' title='bbox 589 1724 734 1772; x_wconf 92' lang='lat' dir='ltr'>sacrum</span> <span class='ocrx_word' id='word_1_72' title='bbox 750 1712 835 1786; x_wconf 89' lang='lat' dir='ltr'>erat,</span> <span class='ocrx_word' id='word_1_73' title='bbox 849 1712 941 1773; x_wconf 89' lang='lat' dir='ltr'>teste</span> <span class='ocrx_word' id='word_1_74' title='bbox 956 1699 1138 1774; x_wconf 90' lang='lat' dir='ltr'>Pausania</span> <span class='ocrx_word' id='word_1_75' title='bbox 1151 1701 1214 1799; x_wconf 88' lang='grc' dir='ltr'>(ΙΙΙ</span> <span class='ocrx_word' id='word_1_76' title='bbox 1233 1724 1291 1787; x_wconf 82' lang='lat'>20,</span> <span class='ocrx_word' id='word_1_77' title='bbox 1305 1704 1357 1800; x_wconf 84' lang='lat'>4):</span> 
     </span>
    </p>
   </div>
   <div class='ocr_carea' id='block_1_3' title="bbox 185 1821 1358 2139">
    <p class='ocr_par' dir='ltr' id='par_1_4' title="bbox 185 1821 1358 2139">
     <span class='ocr_line' id='line_1_12' title="bbox 232 1821 1358 1909; baseline 0.005 -25"><span class='ocrx_word' id='word_1_78' title='bbox 232 1823 340 1905; x_wconf 72' lang='lat' dir='ltr'>&#39;&#39;Axpa</span> <span class='ocrx_word' id='word_1_79' title='bbox 361 1822 391 1885; x_wconf 75' lang='lat' dir='ltr'>(li</span> <span class='ocrx_word' id='word_1_80' title='bbox 413 1835 468 1899; x_wconf 81' lang='grc' dir='ltr'>τοῦ</span> <span class='ocrx_word' id='word_1_81' title='bbox 490 1823 649 1902; x_wconf 71' lang='grc' dir='ltr'><strong><em>Ταϋνίτοιι</em></strong></span> <span class='ocrx_word' id='word_1_82' title='bbox 675 1821 814 1888; x_wconf 76' lang='grc' dir='ltr'><strong><em>Ταλετὸν</em></strong></span> <span class='ocrx_word' id='word_1_83' title='bbox 840 1826 914 1907; x_wconf 74' lang='grc' dir='ltr'><strong><em>ὑπὲρ</em></strong></span> <span class='ocrx_word' id='word_1_84' title='bbox 935 1829 1081 1907; x_wconf 77' lang='grc' dir='ltr'><strong><em>Βρυσεῶν</em></strong></span> <span class='ocrx_word' id='word_1_85' title='bbox 1103 1825 1207 1909; x_wconf 79' lang='grc' dir='ltr'><strong><em>ἀνίχει.</em></strong></span> <span class='ocrx_word' id='word_1_86' title='bbox 1231 1828 1358 1908; x_wconf 81' lang='grc' dir='ltr'><strong><em>Ταύτην</em></strong></span> 
     </span>
     <span class='ocr_line' id='line_1_13' title="bbox 185 1929 1356 2020; baseline 0.002 -27"><span class='ocrx_word' id='word_1_87' title='bbox 185 1929 298 1995; x_wconf 87' lang='grc' dir='ltr'><strong><em>Ἡλίου</em></strong></span> <span class='ocrx_word' id='word_1_88' title='bbox 319 1930 464 1995; x_wconf 83' lang='grc' dir='ltr'><strong><em>καλοῦσιν</em></strong></span> <span class='ocrx_word' id='word_1_89' title='bbox 484 1934 574 2015; x_wconf 84' lang='grc' dir='ltr'><strong><em>ίεριίν,</em></strong></span> <span class='ocrx_word' id='word_1_90' title='bbox 593 1937 642 1995; x_wconf 82' lang='grc' dir='ltr'>καὶ</span> <span class='ocrx_word' id='word_1_91' title='bbox 664 1931 746 1995; x_wconf 62' lang='lat' dir='ltr'>alla</span> <span class='ocrx_word' id='word_1_92' title='bbox 759 1958 790 1995; x_wconf 84' lang='grc' dir='ltr'>τι</span> <span class='ocrx_word' id='word_1_93' title='bbox 803 1936 917 1996; x_wconf 73' lang='grc' dir='ltr'><strong><em>αὐτόθι</em></strong></span> <span class='ocrx_word' id='word_1_94' title='bbox 930 1931 1031 2020; x_wconf 81' lang='grc' dir='ltr'><strong><em>Ἡλίῳ</em></strong></span> <span class='ocrx_word' id='word_1_95' title='bbox 1044 1936 1155 1997; x_wconf 76' lang='grc' dir='ltr'><strong><em>θύουσι</em></strong></span> <span class='ocrx_word' id='word_1_96' title='bbox 1168 1939 1217 1997; x_wconf 87' lang='grc' dir='ltr'>καὶ</span> <span class='ocrx_word' id='word_1_97' title='bbox 1228 1932 1356 2008; x_wconf 78' lang='grc' dir='ltr'>ίπποιις.</span> 
     </span>
     <span class='ocr_line' id='line_1_14' title="bbox 239 2042 1358 2139; baseline 0.004 -26"><span class='ocrx_word' id='word_1_98' title='bbox 239 2043 432 2115; x_wconf 89' lang='lat' dir='ltr'>Praeterea</span> <span class='ocrx_word' id='word_1_99' title='bbox 471 2043 680 2115; x_wconf 89' lang='lat' dir='ltr'>Taenarum</span> <span class='ocrx_word' id='word_1_100' title='bbox 723 2042 1016 2139; x_wconf 91' lang='lat' dir='ltr'>promontorium</span> <span class='ocrx_word' id='word_1_101' title='bbox 1050 2042 1086 2116; x_wconf 94' lang='lat' dir='ltr'>in</span> <span class='ocrx_word' id='word_1_102' title='bbox 1111 2050 1224 2116; x_wconf 80' lang='grc' dir='ltr'><strong><em>Ἡλίου</em></strong></span> <span class='ocrx_word' id='word_1_103' title='bbox 1247 2045 1358 2117; x_wconf 93' lang='lat' dir='ltr'>tutela</span> 
     </span>
    </p>
   </div>
   <div class='ocr_carea' id='block_1_4' title="bbox 185 2166 1358 2703">
    <p class='ocr_par' dir='ltr' id='par_1_5' title="bbox 185 2166 1358 2703">
     <span class='ocr_line' id='line_1_15' title="bbox 185 2166 1358 2266; baseline 0.003 -27"><span class='ocrx_word' id='word_1_104' title='bbox 185 2180 271 2239; x_wconf 86' lang='lat' dir='ltr'>erat.</span> <span class='ocrx_word' id='word_1_105' title='bbox 322 2166 375 2240; x_wconf 99' lang='grc' dir='ltr'>ΕΙ.</span> <span class='ocrx_word' id='word_1_106' title='bbox 413 2168 526 2239; x_wconf 92' lang='lat' dir='ltr'>Hom.</span> <span class='ocrx_word' id='word_1_107' title='bbox 569 2168 707 2264; x_wconf 91' lang='lat' dir='ltr'>Hymn.</span> <span class='ocrx_word' id='word_1_108' title='bbox 749 2167 785 2239; x_wconf 92' lang='lat' dir='ltr'>in</span> <span class='ocrx_word' id='word_1_109' title='bbox 826 2168 947 2264; x_wconf 85' lang='lat' dir='ltr'>Apoll.</span> <span class='ocrx_word' id='word_1_110' title='bbox 988 2193 1039 2242; x_wconf 89' lang='lat' dir='ltr'>vs.</span> <span class='ocrx_word' id='word_1_111' title='bbox 1068 2194 1141 2260; x_wconf 87' lang='lat'>411</span> <span class='ocrx_word' id='word_1_112' title='bbox 1174 2195 1253 2264; x_wconf 89' lang='lat' dir='ltr'>sqq.</span> <span class='ocrx_word' id='word_1_113' title='bbox 1290 2170 1358 2266; x_wconf 91' lang='lat' dir='ltr'>(ed.</span> 
     </span>
     <span class='ocr_line' id='line_1_16' title="bbox 185 2290 389 2391; baseline -0.005 -26"><span class='ocrx_word' id='word_1_114' title='bbox 185 2290 389 2391; x_wconf 87' lang='lat' dir='ltr'>Goodwin).</span> 
     </span>
     <span class='ocr_line' id='line_1_17' title="bbox 430 2395 1102 2486; baseline 0.004 -26"><span class='ocrx_word' id='word_1_115' title='bbox 430 2395 496 2472; x_wconf 83' lang='grc' dir='ltr'>Ιξον</span> <span class='ocrx_word' id='word_1_116' title='bbox 518 2403 568 2461; x_wconf 85' lang='grc' dir='ltr'>καί</span> <span class='ocrx_word' id='word_1_117' title='bbox 591 2411 687 2483; x_wconf 86' lang='grc' dir='ltr'><strong><em>χῶρον</em></strong></span> <span class='ocrx_word' id='word_1_118' title='bbox 710 2402 934 2486; x_wconf 76' lang='grc' dir='ltr'><strong><em>τερψιμβρότον</em></strong></span> <span class='ocrx_word' id='word_1_119' title='bbox 957 2399 1102 2479; x_wconf 88' lang='grc' dir='ltr'><strong><em>Ἠελίοιο,</em></strong></span> 
     </span>
     <span class='ocr_line' id='line_1_18' title="bbox 335 2505 1209 2596; baseline 0.003 -27"><span class='ocrx_word' id='word_1_120' title='bbox 335 2509 497 2591; x_wconf 75' lang='grc' dir='ltr'><strong><em>Ταίναρον,</em></strong></span> <span class='ocrx_word' id='word_1_121' title='bbox 520 2505 599 2572; x_wconf 69' lang='grc' dir='ltr'><strong><em>’ἔνθα</em></strong></span> <span class='ocrx_word' id='word_1_122' title='bbox 624 2533 656 2571; x_wconf 86' lang='grc' dir='ltr'>τε</span> <span class='ocrx_word' id='word_1_123' title='bbox 680 2507 763 2592; x_wconf 79' lang='grc' dir='ltr'><strong><em>μῆλα</em></strong></span> <span class='ocrx_word' id='word_1_124' title='bbox 788 2512 964 2596; x_wconf 72' lang='grc' dir='ltr'><em>βαθύτριχα</em></span> <span class='ocrx_word' id='word_1_125' title='bbox 986 2512 1127 2595; x_wconf 76' lang='grc' dir='ltr'><strong><em>βόσκεται</em></strong></span> <span class='ocrx_word' id='word_1_126' title='bbox 1153 2513 1209 2572; x_wconf 82' lang='grc' dir='ltr'><strong><em>αἰεὶ</em></strong></span> 
     </span>
     <span class='ocr_line' id='line_1_19' title="bbox 331 2615 1080 2703; baseline -0.001 -22"><span class='ocrx_word' id='word_1_127' title='bbox 331 2616 466 2681; x_wconf 81' lang='grc' dir='ltr'><strong><em>Ἠελίοιο</em></strong></span> <span class='ocrx_word' id='word_1_128' title='bbox 491 2617 632 2695; x_wconf 81' lang='grc' dir='ltr'><strong><em>ι’ίνακτος,</em></strong></span> <span class='ocrx_word' id='word_1_129' title='bbox 655 2615 711 2702; x_wconf 69' lang='grc' dir='ltr'><strong><em>’ἔχει</em></strong></span> <span class='ocrx_word' id='word_1_130' title='bbox 735 2617 762 2680; x_wconf 81' lang='grc' dir='ltr'>δ’</span> <span class='ocrx_word' id='word_1_131' title='bbox 788 2619 953 2702; x_wconf 68' lang='grc' dir='ltr'><strong><em>ἐπιτερπέα</em></strong></span> <span class='ocrx_word' id='word_1_132' title='bbox 977 2631 1080 2703; x_wconf 79' lang='grc' dir='ltr'><strong><em>χῶρον.</em></strong></span> 
     </span>
    </p>
   </div>
   <div class='ocr_carea' id='block_1_5' title="bbox 182 2743 1360 3318">
    <p class='ocr_par' dir='ltr' id='par_1_6' title="bbox 182 2743 1360 3318">
     <span class='ocr_line' id='line_1_20' title="bbox 238 2743 1360 2841; baseline 0.005 -27"><span class='ocrx_word' id='word_1_133' title='bbox 238 2743 364 2816; x_wconf 89' lang='lat' dir='ltr'>Tertio</span> <span class='ocrx_word' id='word_1_134' title='bbox 392 2744 476 2818; x_wconf 95' lang='lat' dir='ltr'>loco</span> <span class='ocrx_word' id='word_1_135' title='bbox 505 2744 825 2833; x_wconf 87' lang='lat' dir='ltr'>Acrocorinthum,</span> <span class='ocrx_word' id='word_1_136' title='bbox 854 2773 949 2841; x_wconf 92' lang='lat' dir='ltr'>quae</span> <span class='ocrx_word' id='word_1_137' title='bbox 977 2746 1059 2819; x_wconf 93' lang='lat' dir='ltr'>urbi</span> <span class='ocrx_word' id='word_1_138' title='bbox 1091 2746 1267 2820; x_wconf 90' lang='lat' dir='ltr'>Corintho</span> <span class='ocrx_word' id='word_1_139' title='bbox 1296 2745 1360 2820; x_wconf 92' lang='lat' dir='ltr'>im-</span> 
     </span>
     <span class='ocr_line' id='line_1_21' title="bbox 185 2868 1359 2968; baseline 0.004 -28"><span class='ocrx_word' id='word_1_140' title='bbox 185 2868 305 2955; x_wconf 78' lang='lat' dir='ltr'>minet,</span> <span class='ocrx_word' id='word_1_141' title='bbox 346 2869 432 2942; x_wconf 90' lang='lat' dir='ltr'>olim</span> <span class='ocrx_word' id='word_1_142' title='bbox 472 2877 573 2968; x_wconf 76' lang='grc' dir='ltr'><strong><em>Ἡλίῳ</em></strong></span> <span class='ocrx_word' id='word_1_143' title='bbox 610 2870 856 2944; x_wconf 87' lang='lat' dir='ltr'>adiudicatam</span> <span class='ocrx_word' id='word_1_144' title='bbox 895 2897 983 2959; x_wconf 91' lang='lat' dir='ltr'>esse,</span> <span class='ocrx_word' id='word_1_145' title='bbox 1012 2897 1096 2944; x_wconf 92' lang='lat' dir='ltr'>cum</span> <span class='ocrx_word' id='word_1_146' title='bbox 1128 2881 1287 2945; x_wconf 73' lang='grc' dir='ltr'><strong><em>Ποσειδῶν</em></strong></span> <span class='ocrx_word' id='word_1_147' title='bbox 1311 2874 1359 2946; x_wconf 89' lang='lat' dir='ltr'>de</span> 
     </span>
     <span class='ocr_line' id='line_1_22' title="bbox 182 2994 1357 3090; baseline 0.004 -25"><span class='ocrx_word' id='word_1_148' title='bbox 182 2994 252 3066; x_wconf 85' lang='lat' dir='ltr'>hac</span> <span class='ocrx_word' id='word_1_149' title='bbox 294 2994 445 3090; x_wconf 80' lang='lat' dir='ltr'>regione</span> <span class='ocrx_word' id='word_1_150' title='bbox 486 3020 571 3067; x_wconf 91' lang='lat' dir='ltr'>cum</span> <span class='ocrx_word' id='word_1_151' title='bbox 614 3021 658 3068; x_wconf 93' lang='lat' dir='ltr'>eo</span> <span class='ocrx_word' id='word_1_152' title='bbox 700 2995 736 3068; x_wconf 93' lang='lat' dir='ltr'>in</span> <span class='ocrx_word' id='word_1_153' title='bbox 774 3011 958 3070; x_wconf 88' lang='lat' dir='ltr'>certamen</span> <span class='ocrx_word' id='word_1_154' title='bbox 986 2996 1152 3083; x_wconf 84' lang='lat' dir='ltr'>venisset,</span> <span class='ocrx_word' id='word_1_155' title='bbox 1181 2997 1357 3071; x_wconf 90' lang='lat' dir='ltr'>Corinthii</span> 
     </span>
     <span class='ocr_line' id='line_1_23' title="bbox 183 3117 1358 3218; baseline 0.004 -28"><span class='ocrx_word' id='word_1_156' title='bbox 183 3121 379 3191; x_wconf 93' lang='lat' dir='ltr'>narrabant</span> <span class='ocrx_word' id='word_1_157' title='bbox 393 3117 437 3218; x_wconf 85' lang='grc'>2);</span> <span class='ocrx_word' id='word_1_158' title='bbox 474 3133 603 3217; x_wconf 87' lang='lat' dir='ltr'>postea</span> <span class='ocrx_word' id='word_1_159' title='bbox 639 3135 760 3194; x_wconf 91' lang='lat' dir='ltr'>tamen</span> <span class='ocrx_word' id='word_1_160' title='bbox 795 3130 909 3206; x_wconf 78' lang='grc' dir='ltr'><strong><em>Ἥλιος</em></strong></span> <span class='ocrx_word' id='word_1_161' title='bbox 932 3147 1053 3195; x_wconf 92' lang='lat' dir='ltr'>arcem</span> <span class='ocrx_word' id='word_1_162' title='bbox 1078 3130 1251 3217; x_wconf 78' lang='grc' dir='ltr'>Ἀφροδίτῃ</span> <span class='ocrx_word' id='word_1_163' title='bbox 1274 3147 1358 3195; x_wconf 94' lang='lat' dir='ltr'>con-</span> 
     </span>
     <span class='ocr_line' id='line_1_24' title="bbox 184 3243 555 3318; baseline 0.008 -3"><span class='ocrx_word' id='word_1_164' title='bbox 184 3243 335 3317; x_wconf 90' lang='lat' dir='ltr'>cessisse</span> <span class='ocrx_word' id='word_1_165' title='bbox 362 3243 555 3318; x_wconf 84' lang='lat' dir='ltr'>ferebatur.</span> 
     </span>
    </p>
   </div>
   <div class='ocr_carea' id='block_1_6' title="bbox 182 3368 1357 3841">
    <p class='ocr_par' dir='ltr' id='par_1_7' title="bbox 182 3368 1357 3841">
     <span class='ocr_line' id='line_1_25' title="bbox 238 3368 1357 3468; baseline 0.005 -28"><span class='ocrx_word' id='word_1_166' title='bbox 238 3369 294 3440; x_wconf 84' lang='lat' dir='ltr'>Ex</span> <span class='ocrx_word' id='word_1_167' title='bbox 330 3368 430 3442; x_wconf 92' lang='lat' dir='ltr'>hisce</span> <span class='ocrx_word' id='word_1_168' title='bbox 467 3369 579 3465; x_wconf 91' lang='lat' dir='ltr'>igitur</span> <span class='ocrx_word' id='word_1_169' title='bbox 614 3370 828 3444; x_wconf 88' lang='lat' dir='ltr'>testimoniis</span> <span class='ocrx_word' id='word_1_170' title='bbox 866 3371 925 3443; x_wconf 86' lang='lat' dir='ltr'>vix</span> <span class='ocrx_word' id='word_1_171' title='bbox 958 3397 1026 3466; x_wconf 94' lang='lat' dir='ltr'>pro</span> <span class='ocrx_word' id='word_1_172' title='bbox 1055 3385 1154 3444; x_wconf 88' lang='lat' dir='ltr'>certo</span> <span class='ocrx_word' id='word_1_173' title='bbox 1184 3371 1357 3468; x_wconf 83' lang='lat' dir='ltr'>colligere</span> 
     </span>
     <span class='ocr_line' id='line_1_26' title="bbox 183 3492 1356 3592; baseline 0.003 -27"><span class='ocrx_word' id='word_1_174' title='bbox 183 3518 380 3589; x_wconf 91' lang='lat' dir='ltr'>possumus</span> <span class='ocrx_word' id='word_1_175' title='bbox 409 3492 668 3588; x_wconf 87' lang='lat' dir='ltr'>antiquissimis</span> <span class='ocrx_word' id='word_1_176' title='bbox 697 3495 768 3568; x_wconf 92' lang='lat' dir='ltr'>iam</span> <span class='ocrx_word' id='word_1_177' title='bbox 798 3496 1026 3592; x_wconf 88' lang='lat' dir='ltr'>temporibus</span> <span class='ocrx_word' id='word_1_178' title='bbox 1055 3497 1283 3570; x_wconf 88' lang='lat' dir='ltr'>Graecorum</span> <span class='ocrx_word' id='word_1_179' title='bbox 1321 3497 1356 3569; x_wconf 93' lang='lat' dir='ltr'>in</span> 
     </span>
     <span class='ocr_line' id='line_1_27' title="bbox 183 3617 1357 3715; baseline 0.005 -26"><span class='ocrx_word' id='word_1_180' title='bbox 183 3643 286 3690; x_wconf 93' lang='lat' dir='ltr'>more</span> <span class='ocrx_word' id='word_1_181' title='bbox 315 3617 426 3691; x_wconf 86' lang='lat' dir='ltr'>fuisse</span> <span class='ocrx_word' id='word_1_182' title='bbox 454 3617 651 3715; x_wconf 91' lang='lat' dir='ltr'>praecipue</span> <span class='ocrx_word' id='word_1_183' title='bbox 686 3620 721 3691; x_wconf 96' lang='lat' dir='ltr'>in</span> <span class='ocrx_word' id='word_1_184' title='bbox 750 3620 841 3692; x_wconf 90' lang='lat' dir='ltr'>locis</span> <span class='ocrx_word' id='word_1_185' title='bbox 869 3620 975 3694; x_wconf 88' lang='lat' dir='ltr'>editis</span> <span class='ocrx_word' id='word_1_186' title='bbox 1004 3621 1039 3693; x_wconf 93' lang='lat' dir='ltr'>in</span> <span class='ocrx_word' id='word_1_187' title='bbox 1072 3628 1190 3694; x_wconf 78' lang='grc' dir='ltr'><strong><em>Ἥλιον</em></strong></span> <span class='ocrx_word' id='word_1_188' title='bbox 1214 3621 1357 3695; x_wconf 90' lang='lat' dir='ltr'>divinos</span> 
     </span>
     <span class='ocr_line' id='line_1_28' title="bbox 182 3743 1357 3841; baseline 0.004 -27"><span class='ocrx_word' id='word_1_189' title='bbox 182 3743 357 3816; x_wconf 87' lang='lat' dir='ltr'>adhibere</span> <span class='ocrx_word' id='word_1_190' title='bbox 393 3743 552 3832; x_wconf 89' lang='lat' dir='ltr'>honores</span> <span class='ocrx_word' id='word_1_191' title='bbox 581 3758 616 3816; x_wconf 91' lang='lat' dir='ltr'>et</span> <span class='ocrx_word' id='word_1_192' title='bbox 644 3744 794 3817; x_wconf 91' lang='lat' dir='ltr'>omnino</span> <span class='ocrx_word' id='word_1_193' title='bbox 823 3745 870 3817; x_wconf 91' lang='lat' dir='ltr'>de</span> <span class='ocrx_word' id='word_1_194' title='bbox 898 3745 1019 3841; x_wconf 89' lang='lat' dir='ltr'>prisco</span> <span class='ocrx_word' id='word_1_195' title='bbox 1048 3745 1141 3818; x_wconf 92' lang='lat' dir='ltr'>illius</span> <span class='ocrx_word' id='word_1_196' title='bbox 1170 3745 1228 3818; x_wconf 90' lang='lat' dir='ltr'>dei</span> <span class='ocrx_word' id='word_1_197' title='bbox 1258 3747 1357 3820; x_wconf 90' lang='lat' dir='ltr'>cultu</span> 
     </span>
    </p>
   </div>
   <div class='ocr_carea' id='block_1_7' title="bbox 180 3949 1357 4301">
    <p class='ocr_par' dir='ltr' id='par_1_8' title="bbox 180 3949 1357 4210">
     <span class='ocr_line' id='line_1_29' title="bbox 222 3949 1355 4016; baseline 0.004 -19"><span class='ocrx_word' id='word_1_198' title='bbox 222 3952 244 4010; x_wconf 91' lang='lat'>1)</span> <span class='ocrx_word' id='word_1_199' title='bbox 269 3951 353 3999; x_wconf 87' lang='lat' dir='ltr'>Huius</span> <span class='ocrx_word' id='word_1_200' title='bbox 379 3950 414 3998; x_wconf 89' lang='lat' dir='ltr'>rei</span> <span class='ocrx_word' id='word_1_201' title='bbox 439 3950 552 4016; x_wconf 83' lang='lat' dir='ltr'>exempla</span> <span class='ocrx_word' id='word_1_202' title='bbox 575 3949 641 3999; x_wconf 83' lang='lat' dir='ltr'>houd</span> <span class='ocrx_word' id='word_1_203' title='bbox 660 3965 738 4015; x_wconf 83' lang='lat' dir='ltr'>pauca</span> <span class='ocrx_word' id='word_1_204' title='bbox 758 3952 897 3999; x_wconf 75' lang='lat' dir='ltr'>Invenimus</span> <span class='ocrx_word' id='word_1_205' title='bbox 916 3951 983 4015; x_wconf 86' lang='lat' dir='ltr'>apud</span> <span class='ocrx_word' id='word_1_206' title='bbox 1003 3952 1082 4000; x_wconf 79' lang='lat' dir='ltr'>virum</span> <span class='ocrx_word' id='word_1_207' title='bbox 1103 3951 1203 4000; x_wconf 86' lang='lat' dir='ltr'>doctum</span> <span class='ocrx_word' id='word_1_208' title='bbox 1222 3952 1313 4001; x_wconf 87' lang='lat' dir='ltr'>Politis</span> <span class='ocrx_word' id='word_1_209' title='bbox 1331 3954 1355 4001; x_wconf 90' lang='lat' dir='ltr'>in</span> 
     </span>
     <span class='ocr_line' id='line_1_30' title="bbox 182 4033 1357 4120; baseline 0.008 -34"><span class='ocrx_word' id='word_1_210' title='bbox 182 4039 246 4086; x_wconf 91' lang='lat' dir='ltr'>libro</span> <span class='ocrx_word' id='word_1_211' title='bbox 273 4056 347 4104; x_wconf 87' lang='lat' dir='ltr'>supra</span> <span class='ocrx_word' id='word_1_212' title='bbox 375 4039 476 4088; x_wconf 85' lang='lat' dir='ltr'>laudato</span> <span class='ocrx_word' id='word_1_213' title='bbox 504 4056 529 4104; x_wconf 91' lang='lat' dir='ltr'>p.</span> <span class='ocrx_word' id='word_1_214' title='bbox 544 4054 575 4105; x_wconf 84' lang='lat'>47</span> <span class='ocrx_word' id='word_1_215' title='bbox 596 4056 633 4104; x_wconf 91' lang='lat' dir='ltr'>sq.</span> <span class='ocrx_word' id='word_1_216' title='bbox 661 4050 685 4088; x_wconf 85' lang='lat' dir='ltr'>et</span> <span class='ocrx_word' id='word_1_217' title='bbox 715 4040 774 4087; x_wconf 83' lang='lat' dir='ltr'>alibi</span> <span class='ocrx_word' id='word_1_218' title='bbox 803 4041 828 4087; x_wconf 87' lang='lat' dir='ltr'>in</span> <span class='ocrx_word' id='word_1_219' title='bbox 856 4039 926 4097; x_wconf 91' lang='lat' dir='ltr'>libro,</span> <span class='ocrx_word' id='word_1_220' title='bbox 956 4042 998 4104; x_wconf 87' lang='lat' dir='ltr'>qui</span> <span class='ocrx_word' id='word_1_221' title='bbox 1021 4041 1173 4090; x_wconf 88' lang='lat' dir='ltr'>inscribitur:</span> <span class='ocrx_word' id='word_1_222' title='bbox 1204 4033 1357 4120; x_wconf 69' lang='grc' dir='ltr'>Λρμώδτις</span> 
     </span>
     <span class='ocr_line' id='line_1_31' title="bbox 180 4123 1356 4210; baseline -0.002 -23"><span class='ocrx_word' id='word_1_223' title='bbox 180 4123 422 4210; x_wconf 69' lang='grc' dir='ltr'><strong><em>μετεωρολογικοί</em></strong></span> <span class='ocrx_word' id='word_1_224' title='bbox 442 4136 534 4206; x_wconf 63' lang='grc' dir='ltr'><strong><em>μῦθοι</em></strong></span> <span class='ocrx_word' id='word_1_225' title='bbox 559 4152 584 4201; x_wconf 88' lang='lat' dir='ltr'>p.</span> <span class='ocrx_word' id='word_1_226' title='bbox 593 4147 616 4198; x_wconf 86' lang='lat'>5.</span> <span class='ocrx_word' id='word_1_227' title='bbox 641 4135 681 4184; x_wconf 89' lang='grc' dir='ltr'>ΕΙ.</span> <span class='ocrx_word' id='word_1_228' title='bbox 702 4143 726 4182; x_wconf 83' lang='lat' dir='ltr'>et</span> <span class='ocrx_word' id='word_1_229' title='bbox 746 4135 850 4192; x_wconf 85' lang='lat' dir='ltr'>Grimm‚</span> <span class='ocrx_word' id='word_1_230' title='bbox 867 4134 901 4184; x_wconf 95' lang='lat' dir='ltr'>D.</span> <span class='ocrx_word' id='word_1_231' title='bbox 919 4135 1139 4201; x_wconf 83' lang='lat' dir='ltr'>M.⁴1144,145.</span> <span class='ocrx_word' id='word_1_232' title='bbox 1158 4137 1263 4186; x_wconf 88' lang='lat' dir='ltr'>Nachtr.</span> <span class='ocrx_word' id='word_1_233' title='bbox 1278 4153 1303 4202; x_wconf 91' lang='lat' dir='ltr'>p.</span> <span class='ocrx_word' id='word_1_234' title='bbox 1314 4138 1356 4201; x_wconf 75' lang='lat'>04.</span> 
     </span>
    </p>

    <p class='ocr_par' dir='ltr' id='par_1_9' title="bbox 220 4226 1098 4301">
     <span class='ocr_line' id='line_1_32' title="bbox 220 4226 1098 4301; baseline 0.003 -25"><span class='ocrx_word' id='word_1_235' title='bbox 220 4226 247 4298; x_wconf 84' lang='lat'>2)</span> <span class='ocrx_word' id='word_1_236' title='bbox 266 4230 306 4279; x_wconf 92' lang='grc' dir='ltr'>ΕΙ.</span> <span class='ocrx_word' id='word_1_237' title='bbox 326 4231 401 4279; x_wconf 85' lang='lat' dir='ltr'>Paus.</span> <span class='ocrx_word' id='word_1_238' title='bbox 421 4231 446 4277; x_wconf 90' lang='lat' dir='ltr'>II</span> <span class='ocrx_word' id='word_1_239' title='bbox 471 4229 519 4289; x_wconf 84' lang='lat' dir='ltr'>1‚b.</span> <span class='ocrx_word' id='word_1_240' title='bbox 539 4232 616 4279; x_wconf 91' lang='lat' dir='ltr'>Dion.</span> <span class='ocrx_word' id='word_1_241' title='bbox 635 4228 782 4293; x_wconf 88' lang='lat' dir='ltr'>Chrysosth.</span> <span class='ocrx_word' id='word_1_242' title='bbox 802 4229 848 4278; x_wconf 87' lang='lat' dir='ltr'>Or.</span> <span class='ocrx_word' id='word_1_243' title='bbox 867 4229 1035 4301; x_wconf 85' lang='lat' dir='ltr'>XXXVlII,</span> <span class='ocrx_word' id='word_1_244' title='bbox 1060 4244 1098 4280; x_wconf 87' lang='lat'>11.</span> 
     </span>
    </p>
   </div>
   <div class='ocr_carea' id='block_1_8' title="bbox 0 0 1550 4942">
    <p class='ocr_par' dir='ltr' id='par_1_10' title="bbox 0 0 1550 4942">
     <span class='ocr_line' id='line_1_33' title="bbox 0 0 1550 4942; baseline 0 0"><span class='ocrx_word' id='word_1_245' title='bbox 0 0 1550 4942; x_wconf 95' lang='lat' dir='ltr'> </span> 
     </span>
    </p>
   </div>
  </div>
 </body>
</html>
