3106 4942
747 357 794 443 65

186 565 512 660 caerimoniaeque,
541 591 635 660 quae
663 564 713 637 ibi
740 565 916 661 vigerent,
945 588 1072 636 omnes
1096 561 1171 635 lere
1199 561 1356 658 priscam

187 705 402 766 vetustatem
433 691 637 763 redolerent
655 687 689 787 ¹).

241 815 403 890 Breviter
432 840 559 888 omnes
588 816 715 900 cultus,
734 814 796 909 qui
815 814 888 886 huc
908 813 1098 909 pertinent,
1117 814 1358 885 enumerabo:

189 944 228 1014 ln
266 940 396 1014 declivi
425 954 527 1036 parte
556 939 690 1012 montis
727 938 933 1023 Anchisiae,
961 938 997 1010 in
1026 937 1358 1011 Orchomeniorum

189 1067 333 1152 linibus,
367 1067 477 1138 aedes
505 1079 582 1138 erat
609 1070 768 1154 Ἀρτέμιδι
792 1073 905 1156 Ὑμνίᾳ
935 1087 1047 1148 sacra,
1075 1062 1134 1135 cui
1162 1063 1254 1135 deae
1281 1061 1360 1134 dies

189 1192 383 1265 sollemnes
419 1190 607 1286 agitabant
639 1188 804 1260 Arcades
818 1183 853 1284 ²).
881 1188 920 1259 In
949 1212 1095 1260 summo
1125 1200 1249 1259 monte
1277 1187 1361 1261 Cra-

190 1316 290 1389 thide
324 1323 476 1405 Ἄρτεμις
508 1323 656 1410 Πυρῳινία
688 1313 866 1409 templum
895 1312 1064 1398 habebat,
1092 1327 1241 1386 auctore
1269 1314 1361 1384 Pau-

157 1518 160 1523 ,
190 1436 338 1538 sania³)‚
366 1438 429 1533 qui
458 1452 646 1535 praeterea
674 1437 894 1510 mentionem
924 1436 1010 1510 lacit
1033 1443 1215 1529 Ἀρτέμιδος
1231 1450 1362 1507 Κνακα-

191 1571 296 1654 λησίας
328 1564 364 1634 ln
398 1568 555 1656 Kvuudlrp
589 1575 713 1634 monte
750 1563 868 1635 cultae
881 1558 916 1660 4).
956 1570 1108 1652 ’Ἄρτεμις
1140 1569 1253 1650 ’Ouala
1284 1557 1362 1631 slve

191 1699 347 1779 Ὀρθωσία
378 1688 508 1760 aedem
545 1713 687 1760 sacram
722 1687 935 1789 possidebat
964 1686 999 1757 in
1027 1683 1211 1758 Arcadiae
1239 1697 1363 1756 monte

192 1823 306 1906 ’00qu
328 1811 404 1886 sive
428 1808 634 1909 'Opuwutpll
663 1813 774 1904 Quod
794 1813 886 1885 deae
909 1836 1127 1908 cognomen,
1147 1808 1235 1904 quid
1254 1807 1364 1905 signi-

192 1936 326 2023 ficaret,
366 1950 506 2009 veteres
548 1935 615 2031 ipsi
658 1936 730 2008 iam
773 1936 1049 2020 dubitaverunt;
1089 1933 1285 2007 scholiasta
1316 1934 1363 2005 ad

193 2061 391 2133 Pindarum
433 2061 504 2158 (Ol.
532 2062 583 2133 Ill
616 2062 676 2158 54)
717 2061 810 2134 duas
851 2062 1002 2156 praebet
1043 2058 1364 2154 interpretationes

193 2211 347 2279 quarum
385 2185 498 2257 altera
529 2211 597 2258 nos
625 2186 734 2258 docet
762 2186 870 2258 deam
900 2211 921 2257 a
950 2197 1074 2257 monte
1102 2209 1235 2256 nomen
1255 2183 1365 2278 adep-

194 2321 268 2380 tam
306 2333 394 2394 esse,
430 2310 543 2382 altera
575 2325 696 2383 narrat
729 2322 859 2402 Ὀρθίαν
887 2335 969 2382 eam
998 2321 1245 2404 nuncupatam
1275 2331 1365 2392 esse,

195 2432 281 2526 quia
299 2433 512 2528 puerpueris
540 2435 673 2507 auxilio
701 2434 840 2509 veniret
868 2447 885 2523 ἡ
909 2445 1045 2526 ὄρθουσα
1066 2444 1121 2514 τὰς
1147 2455 1293 2519 γυναῖκας
1315 2445 1364 2503 καὶ

195 2571 234 2640 εἷς
257 2569 410 2649 σωτηρίαν
433 2569 463 2629 iu
485 2580 546 2630 τῶν
566 2579 698 2630 τοκετῶν
718 2568 846 2646 r'r'youou.
879 2560 944 2632 Illa
962 2556 1149 2644 Sententia,
1168 2557 1227 2630 cul
1248 2583 1366 2631 assen-

194 2681 280 2755 titur
309 2680 518 2780 Hesychius
547 2681 586 2780 (S.
601 2710 633 2756 V.
658 2693 778 2773 'opatu
804 2692 957 2774 ’'Apzaprc
976 2691 1074 2766 οὕτως
1091 2693 1203 2775 εἴρηται
1226 2695 1290 2754 ἀπὸ
1310 2704 1366 2754 τοῦ

193 2814 225 2878 ἓν
257 2813 411 2900 Ἀρκαδίᾳ
450 2817 558 2898 χωρίου
595 2813 672 2878 indu
707 2818 783 2897 ἱερὸν
816 2814 999 2899 Ἀρτέμιδος
1030 2815 1185 2899 ἵδρυται),
1216 2807 1367 2880 omnino

194 2930 421 3026 repudianda
449 2931 537 3003 mihi
565 2931 727 3017 videtur;
756 2959 840 3005 nam
869 2959 942 3006 non
971 2959 994 3006 a
1021 2946 1145 3005 monte
1168 2933 1269 3019 deae,
1301 2933 1366 3006 sed

194 3069 321 3129 contra
358 3057 478 3129 adea
506 3056 619 3128 monti
648 3083 782 3130 nornen
812 3057 967 3131 inditum
997 3084 1076 3132 esse
1104 3057 1227 3154 potius
1255 3056 1367 3130 credi-

194 3181 328 3266 derim;
356 3182 468 3253 altera
496 3194 617 3253 tamen
646 3181 862 3256 scholiastae
890 3182 1084 3279 explicatio
1112 3208 1134 3254 a
1156 3180 1235 3253 viro
1255 3181 1366 3254 docto

235 3405 256 3467 ι)
275 3402 313 3450 Cf.
333 3403 364 3451 E.
384 3403 479 3466 Meyer,
508 3402 599 3451 Gesch.
628 3403 653 3451 d.
681 3403 791 3452 Alterth.
816 3404 842 3451 II
865 3417 912 3466 104
933 3403 1032 3461 „Wohl
1050 3403 1108 3451 kem
1126 3400 1292 3465 griechischer
1310 3402 1367 3450 Cult

196 3490 252 3538 hat:
264 3507 292 3539 so
317 3493 365 3540 wie
383 3491 465 3540 dieser
483 3492 536 3552 (der
554 3493 677 3553 Artemis)
697 3493 784 3540 immer
802 3493 851 3540 den
871 3492 1008 3541 Charakter
1026 3493 1094 3540 einer
1112 3491 1261 3540 culturlosen
1280 3492 1368 3539 Urzeit

196 3579 316 3642 bewahrt,
333 3581 381 3628 wie
400 3596 425 3627 er
443 3580 509 3628 deun
529 3579 600 3639 auch,
620 3579 723 3629 obwohl
742 3581 803 3629 tiber
821 3597 883 3644 ganz
902 3581 1087 3630 Griechenland
1106 3580 1244 3637 verbreitet,
1264 3579 1317 3628 sIch
1336 3581 1368 3628 da

194 3684 234 3716 am
262 3668 445 3732 lebendIgsten¹
461 3668 572 3718 erhalten
590 3669 642 3725 hat,
663 3686 702 3717 wo
721 3670 762 3718 die
782 3671 907 3734 primitive
926 3671 1102 3719 LebensweiSe
1121 3668 1174 3717 sIch
1193 3684 1233 3717 am
1253 3668 1366 3732 llingsten

195 3756 264 3815 hielt,
284 3758 309 3805 in
328 3758 377 3806 den
397 3758 494 3821 Bergen
513 3758 656 3807 ArkadIens
676 3759 727 3807 und
748 3759 905 3808 AetolIens.”

232 3847 255 3905 2)
274 3846 314 3897 Cf.
327 3847 408 3896 Paus.
428 3846 496 3895 VIII
519 3859 583 3908 13,1.
605 3857 674 3910 5,11.
698 3858 763 3911 13,5.
872 3849 897 3910 3)
917 3849 983 3896 Ibid.
1003 3848 1071 3896 VIII
1092 3858 1160 3910 ΖΜ.

231 3936 256 3997 4)
276 3934 341 3983 Ibid.
360 3935 428 3983 VIII
451 3945 518 3998 15‚9.

232 4025 256 4086 5)
276 4023 375 4072 Pindar.
394 4024 435 4073 Ol.
455 4024 495 4070 III
516 4033 557 4083 27.
576 4022 660 4073 Schol.
681 4024 754 4071 Pind.
775 4024 814 4071 III
835 4035 876 4087 54.
897 4024 1008 4088 Hesych.
1028 4041 1048 4075 s,
1058 4042 1082 4075 v.
1104 4023 1215 4098 Ὀρθία.
1238 4025 1322 4073 Etiam
1342 4024 1367 4072 in

195 4133 293 4165 summo
320 4119 377 4181 ingo
403 4119 531 4182 Argolidis
558 4119 651 4166 montis
674 4119 790 4182 Lyconae
809 4118 929 4182 templum
954 4126 1006 4168 erat
1024 4128 1174 4170 exstructum
1194 4116 1367 4193 Ἀρτέμιδος

196 4206 330 4285 Ὀρθίας,
350 4213 381 4261 de
400 4229 450 4277 quo
469 4213 526 4261 vide
545 4215 619 4262 Paus.
639 4213 665 4260 II
686 4225 755 4277 24,5.

1263 4338 1283 4411 5
