3106 4942
763 403 785 469 9

189 592 307 689 patrio
335 592 405 666 ritu
433 618 537 666 sacra
564 592 699 667 Albani
718 593 887 680 lacerent
905 619 1001 688 quae
1015 595 1113 666 velut
1127 593 1196 668 diis
1211 620 1360 690 quoque

188 717 296 791 simul
311 742 395 791 cum
409 718 527 814 patria
540 718 672 792 relictis
682 719 856 793 oblivioni
867 720 1073 792 dederant.»
1086 714 1112 817 1)
1130 721 1168 792 A
1177 719 1359 816 Dionysio

190 842 546 941 Halicamassensi2)
583 845 791 931 edocemur,
828 844 962 940 quibus
994 844 1224 918 caerimoniis
1255 870 1361 918 sacra

189 967 248 1041 illa
283 967 473 1042 sollemnia
510 969 704 1063 quotannis
740 995 762 1042 a
797 969 907 1043 sociis
935 969 1093 1043 foederis
1124 969 1242 1043 latini
1270 970 1361 1043 cele-

188 1093 285 1167 brari
314 1092 410 1167 soliti
437 1092 516 1166 sint

243 1221 282 1290 ln
311 1218 475 1292 eiusdem
504 1220 637 1294 montis
665 1220 856 1295 cacumine
874 1216 900 1317 3)
928 1219 1102 1315 triumphi
1127 1222 1174 1293 de
1192 1220 1360 1295 hostibus

189 1343 340 1417 devictis
376 1345 589 1441 agebantur,
622 1371 717 1441 quae
753 1346 982 1420 consuetudo
1016 1345 1125 1418 etiam
1154 1346 1360 1441 posteriori-

171 1471 258 1542 bus
280 1469 507 1566 temporibus
530 1473 729 1558 tenebatur,
751 1471 782 1545 si
802 1471 860 1544 cui
875 1471 1016 1545 consuli
1025 1471 1251 1567 triumphum
1268 1470 1361 1544 intra

189 1597 333 1668 Romae
365 1595 510 1669 moenia
537 1622 648 1693 agere
675 1611 822 1670 senatus
850 1598 1057 1694 denegaret.
1076 1592 1101 1695 4)

242 1723 434 1794 Praeterea
452 1721 487 1793 in
507 1721 802 1818 inscriptionibus
830 1722 1011 1795 nonnullis
1025 1737 1361 1795 commemorantur

190 1847 214 1918 Ι.
242 1847 286 1920 Ο.
315 1848 365 1918 Μ.
392 1846 608 1941 Apenninus
626 1844 652 1944 ⁵)
694 1850 782 1920 etl.
811 1849 855 1922 O.
884 1850 933 1920 M.
962 1848 1145 1921 Poeninus
1164 1843 1199 1946 ⁶),
1223 1875 1297 1944 qua
1321 1874 1360 1921 re

189 1970 423 2067 perspicuum
475 1985 529 2046 est
576 1973 700 2045 Iovem
739 1974 871 2046 horum
910 1973 1089 2045 montium
1129 1975 1240 2046 deum
1269 1987 1358 2046 tute-

188 2097 300 2169 larem
330 2096 451 2171 luisse.

243 2223 412 2296 Fortasse
435 2223 600 2295 omnium
625 2223 805 2296 montium
824 2248 972 2320 praeses
985 2224 1191 2296 habebatur
1206 2224 1358 2320 lupiter;

189 2346 443 2447 Culminalis⁷)
497 2348 592 2421 enim
648 2348 725 2422 sive
778 2348 996 2423 Culminaris
1013 2345 1039 2446 8)
1081 2375 1357 2445 nonnumquam

189 2476 468 2570 nuncupabatur
500 2475 591 2547 deus
628 2475 763 2547 nullam
801 2474 908 2548 aliam
947 2476 996 2547 ob
1024 2500 1183 2560 causam,
1210 2475 1240 2547 si
1269 2474 1358 2570 quid

187 2600 305 2684 viden,
333 2598 401 2672 nisi
421 2600 522 2694 quod
538 2599 717 2672 montium
733 2599 892 2672 culmina
905 2599 1070 2672 habitare
1085 2599 1358 2673 existimaretur.

243 2725 348 2797 Haec
389 2737 482 2810 sunt,
522 2749 618 2819 quae
659 2724 706 2796 de
742 2724 850 2797 variis
887 2724 983 2797 lovis
1021 2724 1178 2797 cultibus
1205 2724 1241 2796 in
1269 2723 1358 2796 locis

188 2849 293 2924 editis
321 2849 470 2946 cognita
510 2849 708 2935 habemus;
736 2851 783 2922 de
811 2849 944 2945 quibus
972 2850 1043 2922 hoc
1071 2851 1154 2922 loco
1183 2849 1220 2921 id
1244 2874 1357 2921 unum

187 2989 327 3048 tantum
379 2976 612 3048 observatum
664 2975 782 3061 velim,
833 2974 1009 3048 maiorem
1060 3001 1187 3048 eorum
1216 2988 1357 3070 partem

187 3100 345 3198 priscam
374 3101 539 3174 redolere
565 3114 791 3174 vetustatem.

242 3226 354 3319 Quod
404 3226 452 3298 ad
503 3239 643 3299 ceteros
695 3224 819 3299 Italiae
869 3226 959 3299 deos
1006 3225 1139 3309 attinet,
1180 3223 1358 3319 imprimis

226 3460 250 3523 1)
269 3459 324 3506 Liv.
344 3459 357 3506 I
376 3469 419 3521 31.
439 3458 477 3507 Cf.
497 3466 622 3522 praeterea
641 3458 708 3522 apud
726 3459 833 3507 eundem
852 3457 898 3507 lib.
918 3458 992 3505 XXI
1010 3455 1052 3519 63,
1073 3457 1097 3504 8.

225 3550 249 3608 2)
268 3549 343 3595 Dion.
363 3547 423 3598 Hal.
443 3547 483 3595 IV
502 3561 544 3609 49.
564 3548 666 3612 V195.

224 3639 249 3700 3)
275 3638 338 3686 Viae
365 3653 447 3685 sacrae
474 3637 507 3685 ad
526 3653 651 3686 summum
670 3645 781 3685 montem
801 3636 914 3684 ducentis
934 3637 1036 3698 vestigia
1055 3637 1196 3684 etiamnunc
1217 3645 1357 3700 supersunt.

188 3727 228 3775 De
245 3727 337 3790 quibus
356 3725 413 3774 vide
432 3726 472 3773 De
491 3726 577 3783 Rossi,
598 3729 667 3775 Ann.
687 3725 745 3773 dell’
765 3727 827 3775 Inst.
852 3725 926 3788 1873,
951 3723 996 3786 163
1017 3741 1072 3788 sqq,
1092 3732 1117 3772 et
1137 3722 1210 3784 1876,
1231 3735 1280 3787 315
1302 3741 1357 3788 sqq.

224 3816 250 3878 4)
278 3816 318 3863 De
345 3823 455 3863 veterum
484 3815 632 3863 testimoniis
660 3816 717 3862 vide
745 3815 899 3877 Marquardt,
929 3814 1061 3862 Staatsvw.
1081 3814 1108 3860 ΙΙ
1128 3824 1179 3877 570
1198 3830 1235 3877 sq.
1255 3814 1359 3878 Optimo

189 3905 240 3952 iure
264 3904 365 3961 Preller,
395 3904 474 3951 Rom.
503 3902 600 3967 Myth.³
627 3905 639 3950 Ι
669 3902 718 3951 216
746 3903 835 3957 borum
864 3902 1044 3966 triumphorum
1072 3903 1193 3966 originem
1220 3903 1252 3951 ad
1280 3905 1359 3967 prisca

189 4002 299 4058 tempora
318 3992 408 4049 retulit,
429 4007 485 4040 cum
504 3994 590 4040 Roma
608 3993 720 4041 nondum
744 4001 818 4057 caput
837 3993 906 4055 regni
926 4001 978 4040 erat
988 4000 1013 4040 et
1021 4009 1094 4041 mons
1103 3993 1218 4040 Albanus
1228 3993 1358 4056 praecipua

190 4091 241 4130 erat
260 4082 332 4131 sedes
351 4082 457 4130 foederis
476 4082 568 4130 Latini.

225 4169 252 4238 5)
271 4172 377 4220 Heuzen
396 4170 489 4219 Inschr.
511 4169 588 4234 5613.
809 4169 834 4232 6)
854 4171 883 4218 C.
903 4172 924 4219 I.
943 4172 973 4218 L.
994 4181 1017 4234 5,
1038 4168 1107 4218 6866
1126 4187 1180 4234 sqq.

226 4261 251 4324 7)
271 4260 300 4309 C.
320 4261 341 4310 1.
360 4261 390 4307 L.
410 4272 434 4322 3,
454 4271 532 4324 4032.
553 4258 631 4327 5186.
811 4259 838 4324 8)
858 4260 886 4309 C.
906 4260 927 4308 I.
947 4261 975 4308 L.
996 4272 1020 4321 3,
1041 4259 1118 4327 3328.
