3106 4942
681 345 805 440 'lo

250 565 428 638 Videmus
457 564 575 660 igitur,
604 576 746 660 praeter
765 563 975 636 Thessaliae
990 577 1151 637 montem
1168 565 1369 660 permultos

193 691 283 764 alios
313 689 465 787 Olympi
494 689 641 762 nomine
666 702 896 785 nuncupatos
911 688 1030 762 luisse.
1061 691 1194 784 Neque
1211 689 1367 763 Homeri

194 815 356 897 carmina
398 815 531 888 indicia
559 816 605 887 de
639 814 803 912 Olympo
839 813 945 887 nobis
973 816 1158 911 praebent,
1185 841 1206 888 e
1233 815 1368 910 quibus

192 966 260 1036 pro
302 954 402 1014 certo
445 940 618 1037 colligere
659 940 752 1025 licet,
793 939 894 1012 illum
925 954 1086 1013 montem
1115 939 1151 1011 in
1180 941 1369 1014 Thessalia

192 1064 301 1138 situm
331 1065 450 1139 luisse.
467 1067 566 1138 Nam
582 1065 735 1137 huiusce
750 1065 800 1137 rei
816 1065 1039 1138 documento
1054 1090 1133 1138 esse
1149 1090 1221 1136 non
1236 1078 1367 1160 potest,

193 1187 295 1285 qued
319 1199 408 1280 Ἥρα
432 1203 467 1262 et
490 1199 630 1277 ‘Emitte
654 1190 801 1262 duobus
826 1189 982 1262 Homeri
1011 1189 1100 1262 locis
1129 1188 1169 1288 (Ξ
1199 1196 1271 1262 226
1288 1216 1366 1287 sqq.

136 1299 138 1302 ⁵
190 1328 226 1387 et
259 1349 271 1385 ε
305 1317 391 1411 350)
420 1315 468 1386 ab
499 1314 663 1410 Olympo
696 1315 959 1387 descendentes
985 1340 1052 1410 per
1082 1314 1238 1387 Pieriam
1269 1315 1365 1388 viam

192 1438 320 1512 fecisse
348 1439 519 1512 dicuntur
537 1435 571 1536 1).
600 1438 721 1511 Facile
749 1439 845 1512 enim
875 1439 1118 1535 intellegimus
1152 1440 1366 1535 rhapsodos‚

192 1564 255 1658 qui
291 1589 380 1659 prae
418 1563 546 1637 ceteris
583 1563 761 1637 Graeciae
784 1563 997 1660 regionibus
1024 1564 1251 1638 Thessaliam
1280 1591 1367 1662 cog-

192 1688 304 1760 nitam
333 1688 517 1773 haberent
546 1688 581 1759 in
610 1688 859 1762 describendis
887 1689 977 1761 locis
1005 1689 1073 1761 sibi
1105 1689 1249 1785 ignotis,
1264 1714 1365 1785 prae-

192 1813 300 1909 cipue
324 1840 369 1886 ex
382 1813 571 1886 Thessalia
585 1814 752 1910 exempla
765 1813 834 1886 sibi
849 1813 1073 1910 expetivisse.
1087 1816 1280 1888 Praeterea
1294 1815 1364 1888 hoc

192 1964 342 2033 quoque
370 1965 437 2011 nos
453 1952 585 2025 monet,
595 1965 641 2012 ne
655 1938 746 2012 falso
761 1941 1006 2034 perducemur
1021 1940 1069 2012 ad
1084 1939 1364 2013 existimandum

193 2063 396 2160 Olympum
427 2063 670 2137 Homericum
699 2064 909 2137 Thessaliae
937 2063 1048 2143 luisse
1077 2078 1248 2151 montem,
1263 2065 1364 2159 quod

192 2188 331 2283 pristini
360 2188 551 2262 cuiusdam
575 2199 646 2270 Διός
670 2189 788 2261 cultus
816 2189 852 2260 in
880 2188 950 2261 hoc
980 2202 1104 2261 monte
1131 2189 1287 2285 vestigia
1308 2215 1365 2261 su-

192 2327 342 2409 persunt
384 2313 490 2386 nulla.
532 2314 690 2387 Saeculo
732 2314 882 2386 demum
924 2313 1029 2386 tertio
1071 2326 1156 2409 post
1188 2314 1363 2386 christum

192 2452 317 2512 natum
347 2438 494 2512 Solinus
526 2434 552 2536 ²)
594 2433 816 2511 mentionem
860 2438 943 2512 lecit
984 2464 1069 2511 arae
1106 2439 1142 2510 in
1172 2439 1363 2511 cacumine

191 2564 325 2637 montis
362 2564 513 2662 Olympi
538 2575 588 2634 stit
611 2578 853 2638 consecratae.
894 2564 1038 2657 Quibus
1067 2564 1114 2637 de
1142 2564 1261 2636 causis
1289 2589 1363 2635 non

190 2687 383 2763 verisimile
411 2690 509 2763 duco
538 2691 702 2764 Graecos
731 2689 802 2762 iam
832 2689 916 2761 inde
943 2714 966 2761 a
992 2688 1121 2784 priscis
1136 2689 1364 2784 temporibus

190 2814 400 2888 Thessaliae
419 2828 580 2887 montem
596 2815 799 2912 Olympum
814 2828 1002 2909 tamquam
1019 2827 1181 2886 montem
1197 2814 1361 2886 divinum

190 2939 363 3024 coluisse;
392 2939 506 3012 immo
535 2939 657 3035 potius
685 2939 903 3011 crediderim
932 2964 996 3011 eos
1019 2939 1118 3011 haud
1133 2939 1236 3011 aliter
1250 2964 1361 3032 quam

190 3064 301 3136 Indos
342 3066 546 3158 Persasque
586 3064 657 3136 hoc
700 3088 915 3159 persuasum
957 3063 1138 3149 habuisse,
1175 3088 1360 3135 summum

190 3187 300 3260 deum
328 3188 493 3262 habitare
520 3189 556 3260 in
586 3202 709 3260 monte
737 3190 900 3282 quodam
930 3188 1114 3274 altissim0,
1142 3189 1240 3260 unde
1260 3212 1361 3259 mun-

191 3312 279 3384 dum
321 3328 471 3410 regeret.
513 3313 585 3406 Oui
629 3338 734 3385 mons
776 3339 848 3385 non
886 3313 954 3386 nisi
983 3313 1018 3385 in
1048 3312 1181 3409 mythis
1210 3312 1359 3406 quidem

190 3437 361 3524 exstabat,
389 3452 517 3535 postea
544 3452 666 3510 tamen
694 3463 716 3509 a
744 3438 926 3534 plerisque
953 3437 1109 3533 populis,
1136 3436 1273 3532 quippe
1297 3436 1359 3530 qui

131 3694 144 3749 '.
227 3675 251 3744 1)
270 3679 365 3728 Versus
384 3680 539 3728 obscuriores
558 3679 687 3742 Odysseae
705 3679 733 3742 (λ
747 3688 796 3742 315
811 3680 868 3742 sq),
880 3678 922 3726 ubi
933 3685 1031 3726 montes
1041 3679 1106 3726 Ossa
1116 3685 1141 3726 et
1151 3676 1238 3725 Pelion
1249 3676 1359 3741 Olympo

188 3771 298 3836 impositi
317 3787 371 3821 esse
390 3773 512 3829 difflatur,
533 3772 600 3820 haud
619 3773 694 3821 dubie
714 3772 813 3821 insiticii
832 3780 897 3830 sunt,
911 3787 985 3835 quam
999 3771 1032 3818 ob
1045 3786 1096 3819 rem
1110 3787 1196 3834 pamm
1209 3768 1258 3818 huc
1268 3769 1358 3818 valent.

225 3863 249 3920 2)
267 3861 377 3919 Solinus,
397 3862 461 3912 Coll.
481 3877 527 3910 rer.
546 3877 621 3910 mem.
641 3862 709 3910 VIII
728 3860 752 3910 6.

195 4002 197 4005 ,
221 3951 306 3999 Etiam
344 3951 433 3999 nostris
470 3951 558 3998 dicbus
596 3950 741 3998 Thessaliae
779 3950 910 4011 indigenae
942 3957 1054 3998 montem
1089 3949 1227 4014 Olympum
1261 3963 1357 3996 sacrum

186 4037 279 4087 habent
298 4043 425 4102 variasque
444 4048 543 4087 narrant
561 4039 657 4087 fabulas
676 4039 708 4086 de
726 4039 798 4101 regiis
817 4039 960 4086 marmoreis
979 4039 1005 4085 iu
1023 4039 1126 4086 summis
1146 4038 1278 4086 verticibus
1291 4035 1357 4083 aedi·

186 4126 278 4184 ficatis;
298 4129 431 4192 quotannis
453 4128 569 4177 monachi
588 4129 666 4177 sancti
686 4127 801 4191 Dionysii
810 4143 929 4192 pompam
940 4134 1084 4176 nocturnam
1094 4127 1187 4176 ducunt
1197 4128 1222 4175 in
1232 4141 1357 4174 summum

185 4226 310 4265 montem.
330 4217 369 4265 CI.
391 4218 503 4281 Heuzey,
523 4216 545 4264 le
564 4226 638 4265 mont
656 4216 758 4281 Olymp.
777 4225 802 4264 et
820 4215 929 4265 l’Acarn.
952 4212 1009 4279 138.

1222 4338 1246 4404 4
