3090 4942
753 416 802 484 99

715 563 831 680 er.

202 793 205 796 ·
246 771 359 845 Cicer.
387 771 488 842 Verr.
517 770 550 841 V
584 775 648 860 58:
952 869 955 874 .

369 893 524 979 Deinde,
553 893 590 965 id
619 894 722 988 quod
751 892 822 965 alio
850 893 934 965 loco
963 907 1075 965 ante
1103 892 1186 964 dixi.
1312 903 1313 906 ’

224 1021 422 1093 ·Deleatur
450 1032 569 1091 ante.

722 1179 838 1251 XXII.

241 1340 351 1436 Apul.
381 1341 529 1412 Metam.
558 1341 608 1412 IV
623 1364 652 1411 c.
676 1363 717 1410 21
752 1340 833 1436 (Ed.
858 1341 887 1433 J.
915 1365 947 1410 v.
977 1339 1010 1410 d.
1038 1337 1158 1435 Vliet):

145 1534 148 1541 .
244 1465 352 1537 Enim
382 1490 469 1537 vero
498 1464 736 1561 Thrasyleon,
764 1463 956 1560 egregium
986 1464 1099 1536 decus
1128 1477 1273 1536 nostrae
1292 1463 1363 1535 lac-

188 1588 307 1675 tionis,
334 1591 481 1662 tandem
511 1589 780 1662 immortalitate
804 1589 954 1684 digno
975 1587 1061 1659 illo
1080 1588 1208 1683 spiritu
1227 1613 1363 1684 expug-

189 1729 285 1801 nat0,
313 1714 431 1811 magis
460 1739 572 1809 quam
596 1715 781 1809 (humana)
810 1713 984 1809 patientia
1002 1738 1122 1807 neque
1140 1714 1301 1786 clamore
1320 1737 1362 1784 ac

189 1865 235 1912 ne
263 1839 403 1912 ululatu
433 1839 582 1935 quidem
612 1839 723 1910 fidem
752 1838 969 1911 sacramenti
997 1837 1168 1933 prodidit.

244 1966 333 2061 Leg.
361 1964 633 2037 immortalitate
661 1963 841 2060 dignus
870 1963 972 2048 ille,
1000 1963 1128 2058 spiritu
1153 1976 1363 2059 expugnato

191 2088 313 2186 magis
341 2114 453 2184 quam
482 2089 657 2185 patientia
685 2102 750 2161 etc.

712 2304 846 2374 XXIII.

244 2462 387 2556 Quinct.
419 2465 502 2536 Inst.
531 2464 631 2537 Orat.
660 2464 696 2534 X
730 2484 829 2553 1,77:

242 2588 388 2661 Plenior
416 2587 618 2662 Aeschines
646 2602 682 2660 et
707 2588 824 2684 magis
844 2588 947 2661 fusus
966 2602 1002 2660 et
1019 2587 1207 2684 grandiori
1226 2587 1363 2672 similis

53 2776 57 2783 .
189 2739 265 2809 quo
295 2713 414 2786 minus
441 2713 586 2786 strictus
614 2726 685 2797 est;
715 2713 832 2786 carnis
860 2728 982 2785 tamen
1003 2713 1086 2807 plus
1104 2713 1222 2798 habet,
1243 2712 1362 2784 minus

188 2838 419 2911 lacertorum.

243 2962 378 3035 Iniuria
410 2963 468 3035 hic
502 2964 606 3036 locus
638 2963 752 3058 vulgo
781 2989 803 3035 a
830 2963 916 3035 viris
944 2963 1063 3035 doctis
1091 2963 1125 3034 in
1155 2975 1362 3034 controver-

189 3087 282 3161 siam
310 3101 472 3161 vocatur.

709 3250 842 3321 XXIV.

244 3354 321 3428 Liv.
350 3357 382 3427 II
411 3378 481 3449 45:

243 3479 440 3554 Consulem
481 3481 747 3552 Romanum
787 3480 889 3553 miles
917 3480 1030 3554 semel
1058 3479 1093 3552 in
1123 3477 1200 3553 acie
1228 3476 1362 3564 fefellit,

70 3676 73 3682 .
188 3605 280 3678 deos
308 3630 511 3701 numquam
541 3605 646 3678 fallet.

243 3731 315 3801 Pro
345 3733 611 3802 Romanum
640 3731 710 3826 leg.
740 3733 991 3803 Romanus.

716 3947 832 4019 xxv.

209 4061 213 4067 ’
242 4104 344 4178 caes.
364 4104 450 4178 nen.
470 4106 562 4179 Gan.
583 4106 596 4176 1
617 4128 697 4196 Ion
710 4129 747 4177 2:

185 4228 282 4301 scire
309 4229 414 4316 enim,
451 4230 746 4326 quibuscumque
773 4229 950 4304 exercitus
978 4231 1078 4303 dicto
1107 4229 1257 4303 audiens
1285 4254 1358 4301 non
