3106 4942
753 384 798 450 41

193 600 232 647 re
268 574 390 648 divina
425 587 580 670 peracta,
609 600 751 647 ramum
781 599 979 669 querceum
1008 574 1044 645 in
1072 600 1258 646 summum
1288 574 1366 647 lon-

193 715 265 773 tem
295 699 472 784 immittit;
501 713 688 772 commota
716 725 834 794 aquae
861 699 1064 795 superficie,
1082 725 1199 795 vapor
1213 675 1364 794 quidam

193 825 414 922 caliginosus
442 850 587 897 sursum
608 850 734 897 versus
750 823 878 909 oritur;
898 824 961 919 qui
977 849 1092 920 vapor
1106 825 1365 920 undecumque

192 950 343 1022 nebulas
372 940 558 1022 attrahens
582 963 700 1021 toturn
729 949 873 1021 coelum
902 949 1062 1021 nubibus
1090 949 1260 1034 obducit;
1284 949 1365 1023 illae

192 1074 325 1148 deinde
352 1074 388 1146 in
416 1087 530 1146 terras
545 1073 666 1146 aridas
680 1073 861 1169 delapsae,
875 1072 1062 1170 segetibus
1076 1073 1150 1145 vim
1170 1075 1364 1147 salutarem

193 1225 317 1274 rursus
345 1199 513 1272 afferunt:

247 1327 352 1398 Haec
389 1323 500 1420 igitur
538 1324 585 1396 de
612 1322 721 1396 variis
749 1323 879 1409 modis,
907 1323 1041 1418 quibus
1070 1337 1146 1407 Ζεὺς
1169 1332 1266 1405 ὑέτιος
1289 1324 1365 1397 sive

191 1459 311 1543 ὄμβριος
350 1449 385 1520 in
436 1448 590 1521 summis
641 1448 826 1521 montibus
868 1449 1057 1522 colebatur
1076 1446 1110 1548 1).
1152 1449 1245 1522 Cum
1288 1449 1363 1544 qui-

191 1575 261 1647 bus
302 1574 460 1646 cultibus
498 1586 574 1646 arte
611 1572 807 1646 cohaerere
845 1572 991 1671 mythos
1028 1574 1076 1646 ad
1113 1599 1258 1646 sacrum
1294 1587 1365 1656 Διὸς

192 1710 242 1768 καὶ
265 1708 370 1790 Ἥρας
391 1698 615 1770 connubium
644 1710 850 1794 spectantes
877 1698 944 1770 viri
974 1698 1072 1771 docti
1103 1700 1301 1772 Neumann
1329 1713 1365 1772 et

193 1822 354 1908 Partsch,
392 1823 479 1895 mihi
507 1823 645 1907 saltem,
678 1825 934 1919 probaverunt.
976 1825 1132 1897 Summo
1161 1823 1258 1896 enirn
1287 1823 1365 1897 iure

192 1947 462 2042 perhibuerunt,
504 1947 646 2021 fabulas
687 1948 735 2019 ad
763 1947 863 2021 illum
901 1958 998 2038 „tepla
1019 1955 1139 2035 yupov'?
1165 1947 1364 2034 attinentes,

193 2096 321 2147 omnes
336 2086 608 2168 repraesentare
618 2072 789 2145 imbrium
801 2072 1073 2170 benignitatem,
1082 2085 1196 2145 terras
1205 2073 1365 2147 sitientes

192 2197 448 2270 fecundantem
468 2196 503 2295 ²).
545 2197 669 2270 Primo
711 2199 793 2270 loco
835 2199 907 2271 huc
944 2197 1099 2293 pertinet
1126 2211 1278 2271 venusta
1305 2198 1366 2271 illa

193 2322 469 2409 narratiuncula,
507 2348 617 2417 quam
647 2348 756 2395 nemo
785 2323 938 2417 estqui
967 2322 1119 2419 ignoret,
1143 2333 1215 2402 Διὸς
1237 2332 1366 2418 ἀπάτην

147 2526 150 2534 ,
193 2445 285 2518 dico
318 2456 416 2537 Ἥρα,
440 2460 480 2519 ut
508 2447 626 2519 mariti
654 2446 690 2518 in
720 2448 785 2520 lda
812 2447 971 2520 sedentis
999 2447 1161 2519 animum
1190 2472 1212 2519 a
1240 2472 1366 2542 pugna

193 2585 340 2657 avertat,
368 2571 562 2645 consilium·
589 2597 673 2644 eum
701 2572 886 2645 blanditiis
914 2572 1119 2645 deleniendi
1134 2571 1239 2668 capit.
1255 2573 1364 2645 Cesto

192 2698 239 2768 ab
263 2702 437 2789 Ἀφροδίτῃ
461 2696 656 2793 impetrato
685 2711 721 2770 et
744 2706 859 2792 ε’Ττττῳ
891 2697 1026 2770 comite
1049 2709 1248 2792 assumpt0,
1271 2699 1365 2769 bene

192 2834 302 2893 uncta
330 2835 440 2916 atque
468 2836 596 2895 ornata
624 2822 659 2894 in
689 2811 898 2919 Gargarum
924 2823 1010 2895 ldae
1024 2822 1196 2895 verticem
1213 2821 1365 2906 festinat,

193 2946 256 3018 ubi
290 2956 366 3027 Ζεύς
399 2972 525 3020 amore
563 2961 599 3020 et
636 2947 836 3043 cupiditate
864 2947 987 3020 uxoris
1015 2927 1254 3020 exardescens
1282 2971 1363 3018 earn

192 3071 244 3144 sie
269 3063 484 3165 alloquitur:
508 3099 576 3145 «ne
604 3073 686 3167 quis
715 3073 869 3145 deorum
898 3072 1087 3168 amplexus
1115 3085 1259 3145 nostros
1286 3095 1364 3165 spe-

192 3194 343 3281 culetur,
372 3196 515 3270 nebulis
543 3197 661 3271 aureis
690 3222 756 3270 nos
785 3196 1003 3281 involvam»;
1023 3196 1156 3269 deinde
1170 3221 1251 3269 eam
1267 3219 1365 3268 com-

231 3599 253 3660 1)
271 3599 312 3645 De
339 3598 387 3646 aris
414 3597 473 3647 huic
499 3599 547 3646 deo
574 3599 724 3647 consecratis
748 3598 775 3646 in
798 3597 921 3646 Parnasso
947 3604 972 3646 et
996 3598 1121 3662 Hymetto
1144 3596 1271 3645 montibus
1290 3613 1364 3660 supra

193 3687 241 3735 iam
261 3686 356 3735 locutus
376 3703 439 3736 sum.
461 3687 500 3736 Cf.
519 3704 544 3751 p.
566 3700 606 3748 ²9·

230 3777 253 3838 2)
273 3776 302 3826 C.
321 3777 415 3824 Neum.
444 3775 496 3824 und
520 3778 545 3840 J.
565 3774 678 3834 Partsch‚
705 3774 783 3839 Phys.
808 3776 899 3838 Geogr.
918 3791 942 3823 v.
963 3774 1061 3823 Griech.
1081 3790 1107 3838 p.
1128 3773 1160 3834 78
1181 3775 1238 3831 „die
1258 3774 1364 3838 „heiliga

192 3864 379 3928 Vermtihlung”
398 3881 450 3912 war
467 3881 499 3912 an
517 3863 597 3912 vielen
616 3864 745 3913 Cultorten
764 3865 809 3912 der
827 3863 961 3912 Ausdruck
980 3866 1019 3912 lbr
1038 3864 1079 3912 die
1091 3862 1206 3912 ersehnte
1219 3865 1364 3928 Benetzung

192 3954 236 4002 des
255 3955 356 4002 Bodens
376 3955 423 4002 mit
442 3954 500 4001 dem
519 3954 611 4016 Regen
628 3955 680 4002 und
699 3953 772 4002 Thau
791 3954 836 4002 des
855 3953 989 4012 Himmels‚
1009 3969 1042 4002 an
1061 3953 1104 4000 der
1123 3955 1163 4001 ltir
1181 3954 1222 4002 die
1242 3953 1364 4003 Griechen

192 4043 232 4090 die
259 4042 448 4105 Entscheidung
475 4043 536 4091 tiber
564 4042 694 4091 Gedeihen
725 4043 786 4091 oder
813 4041 966 4091 Hinwelken
988 4042 1047 4091 alles
1064 4042 1202 4091 Lebenden
1220 4042 1289 4106 hing.
1316 4044 1365 4092 Als

192 4132 348 4180 ehensoviele
376 4134 472 4181 Stdtten
500 4134 544 4181 der
571 4133 727 4196 instttndigen
755 4132 823 4181 Bitte
848 4148 890 4180 um
908 4133 1000 4196 Regen
1019 4115 1120 4182 kbnnen
1140 4133 1184 4182 wir
1202 4132 1304 4180 deshalb
1323 4133 1364 4180 die

193 4219 331 4270 zahlreichc
350 4221 435 4271 Pliitze
454 4221 515 4272 alter
530 4221 677 4286 Verehrung
687 4221 732 4271 des
743 4221 867 4285 Bellagers
878 4221 921 4271 des
932 4223 996 4270 Zeus
1006 4223 1051 4271 mit
1061 4221 1104 4271 der
1114 4221 1184 4270 Hera
1193 4220 1362 4270 betraehten.”
