<?xml version="1.0" encoding="UTF-8"?>
<!DOCTYPE html PUBLIC "-//W3C//DTD XHTML 1.0 Transitional//EN"
    "http://www.w3.org/TR/xhtml1/DTD/xhtml1-transitional.dtd">
<html xmlns="http://www.w3.org/1999/xhtml" xml:lang="en" lang="en">
 <head>
  <title>
</title>
<meta http-equiv="Content-Type" content="text/html;charset=utf-8" />
  <meta name='ocr-system' content='tesseract 3.04.00' />
  <meta name='ocr-capabilities' content='ocr_page ocr_carea ocr_par ocr_line ocrx_word'/>
</head>
<body>
  <div class='ocr_page' id='page_1' title='image "./dediisinlocised00albegoog_0016.png"; bbox 0 0 3090 4942; ppageno 0'>
   <div class='ocr_carea' id='block_1_1' title="bbox 850 375 898 450">
    <p class='ocr_par' dir='ltr' id='par_1_1' title="bbox 850 375 898 450">
     <span class='ocr_line' id='line_1_1' title="bbox 850 375 898 450; baseline 0 0"><span class='ocrx_word' id='word_1_1' title='bbox 850 375 867 426; x_wconf 76' lang='lat'>2</span> <span class='ocrx_word' id='word_1_2' title='bbox 897 447 898 450; x_wconf 73' lang='grc'>,</span> 
     </span>
    </p>
   </div>
   <div class='ocr_carea' id='block_1_2' title="bbox 166 567 1445 665">
    <p class='ocr_par' dir='ltr' id='par_1_2' title="bbox 166 567 1445 665">
     <span class='ocr_line' id='line_1_2' title="bbox 166 567 1445 665; baseline 0.002 -24"><span class='ocrx_word' id='word_1_3' title='bbox 166 567 167 572; x_wconf 64' lang='grc'>’</span> <span class='ocrx_word' id='word_1_4' title='bbox 273 570 430 654; x_wconf 89' lang='lat' dir='ltr'><strong>daretur,</strong></span> <span class='ocrx_word' id='word_1_5' title='bbox 467 593 540 640; x_wconf 93' lang='lat' dir='ltr'><strong>non</strong></span> <span class='ocrx_word' id='word_1_6' title='bbox 578 567 646 642; x_wconf 91' lang='lat' dir='ltr'><strong>nisi</strong></span> <span class='ocrx_word' id='word_1_7' title='bbox 684 568 815 664; x_wconf 88' lang='lat' dir='ltr'><strong>raptim</strong></span> <span class='ocrx_word' id='word_1_8' title='bbox 854 583 890 640; x_wconf 89' lang='lat' dir='ltr'><strong>et</strong></span> <span class='ocrx_word' id='word_1_9' title='bbox 926 584 1057 665; x_wconf 87' lang='lat' dir='ltr'><strong>parum</strong></span> <span class='ocrx_word' id='word_1_10' title='bbox 1086 583 1264 655; x_wconf 89' lang='lat' dir='ltr'><strong>accurate,</strong></span> <span class='ocrx_word' id='word_1_11' title='bbox 1292 581 1333 641; x_wconf 92' lang='lat' dir='ltr'><strong>ut</strong></span> <span class='ocrx_word' id='word_1_12' title='bbox 1366 567 1445 665; x_wconf 90' lang='lat' dir='ltr'><strong>ipse</strong></span> 
     </span>
    </p>
   </div>
   <div class='ocr_carea' id='block_1_3' title="bbox 183 690 1528 3666">
    <p class='ocr_par' dir='ltr' id='par_1_3' title="bbox 272 690 1158 793">
     <span class='ocr_line' id='line_1_3' title="bbox 272 690 1158 793; baseline 0 -27"><span class='ocrx_word' id='word_1_13' title='bbox 272 707 400 766; x_wconf 79' lang='lat' dir='ltr'>auctor</span> <span class='ocrx_word' id='word_1_14' title='bbox 428 692 630 779; x_wconf 81' lang='lat' dir='ltr'><strong>confitetur,</strong></span> <span class='ocrx_word' id='word_1_15' title='bbox 648 690 674 793; x_wconf 83' lang='grc'><strong>1)</strong></span> <span class='ocrx_word' id='word_1_16' title='bbox 703 719 797 790; x_wconf 93' lang='lat' dir='ltr'><strong>opus</strong></span> <span class='ocrx_word' id='word_1_17' title='bbox 825 693 1003 790; x_wconf 85' lang='lat' dir='ltr'><strong>perficere</strong></span> <span class='ocrx_word' id='word_1_18' title='bbox 1030 693 1158 789; x_wconf 90' lang='lat' dir='ltr'><strong>potuit.</strong></span> 
     </span>
    </p>

    <p class='ocr_par' dir='ltr' id='par_1_4' title="bbox 272 815 1528 1665">
     <span class='ocr_line' id='line_1_4' title="bbox 325 815 1528 918; baseline 0.004 -28"><span class='ocrx_word' id='word_1_19' title='bbox 325 821 446 891; x_wconf 92' lang='lat' dir='ltr'><strong>Paene</strong></span> <span class='ocrx_word' id='word_1_20' title='bbox 474 818 586 915; x_wconf 89' lang='lat' dir='ltr'><strong>igitur</strong></span> <span class='ocrx_word' id='word_1_21' title='bbox 614 818 748 891; x_wconf 89' lang='lat' dir='ltr'><strong>intacta</strong></span> <span class='ocrx_word' id='word_1_22' title='bbox 776 819 897 891; x_wconf 89' lang='lat' dir='ltr'><strong>adhuc</strong></span> <span class='ocrx_word' id='word_1_23' title='bbox 912 818 1006 892; x_wconf 87' lang='lat' dir='ltr'><strong>iacet</strong></span> <span class='ocrx_word' id='word_1_24' title='bbox 1028 819 1119 892; x_wconf 90' lang='lat' dir='ltr'><strong>haec</strong></span> <span class='ocrx_word' id='word_1_25' title='bbox 1140 818 1300 904; x_wconf 88' lang='lat' dir='ltr'><strong>materia,</strong></span> <span class='ocrx_word' id='word_1_26' title='bbox 1314 815 1340 918; x_wconf 70' lang='grc'><strong>2)</strong></span> <span class='ocrx_word' id='word_1_27' title='bbox 1355 844 1445 914; x_wconf 90' lang='lat' dir='ltr'><strong>quo·</strong></span> <span class='ocrx_word' id='word_1_28' title='bbox 1527 891 1528 895; x_wconf 73' lang='grc'>,</span> 
     </span>
     <span class='ocr_line' id='line_1_5' title="bbox 272 943 1445 1041; baseline -0.001 -25"><span class='ocrx_word' id='word_1_29' title='bbox 272 944 369 1016; x_wconf 89' lang='lat' dir='ltr'><strong>circa</strong></span> <span class='ocrx_word' id='word_1_30' title='bbox 410 969 518 1017; x_wconf 88' lang='lat' dir='ltr'><strong>nemo</strong></span> <span class='ocrx_word' id='word_1_31' title='bbox 561 943 760 1031; x_wconf 88' lang='lat' dir='ltr'><strong>mirabitur,</strong></span> <span class='ocrx_word' id='word_1_32' title='bbox 801 944 831 1018; x_wconf 93' lang='lat' dir='ltr'><strong>si</strong></span> <span class='ocrx_word' id='word_1_33' title='bbox 868 970 980 1040; x_wconf 91' lang='lat' dir='ltr'><strong>quam</strong></span> <span class='ocrx_word' id='word_1_34' title='bbox 1014 957 1144 1041; x_wconf 90' lang='lat' dir='ltr'><strong>potero</strong></span> <span class='ocrx_word' id='word_1_35' title='bbox 1173 943 1445 1017; x_wconf 80' lang='lat' dir='ltr'><strong>accuratissime</strong></span> 
     </span>
     <span class='ocr_line' id='line_1_6' title="bbox 272 1068 1445 1166; baseline -0.001 -24"><span class='ocrx_word' id='word_1_36' title='bbox 272 1095 353 1142; x_wconf 91' lang='lat' dir='ltr'><strong>eam</strong></span> <span class='ocrx_word' id='word_1_37' title='bbox 382 1070 609 1142; x_wconf 88' lang='lat' dir='ltr'><strong>tractandam</strong></span> <span class='ocrx_word' id='word_1_38' title='bbox 638 1068 845 1166; x_wconf 84' lang='lat' dir='ltr'>suscipiam.</span> <span class='ocrx_word' id='word_1_39' title='bbox 874 1071 946 1141; x_wconf 91' lang='lat' dir='ltr'><strong>Pro</strong></span> <span class='ocrx_word' id='word_1_40' title='bbox 975 1083 1078 1164; x_wconf 90' lang='lat' dir='ltr'><strong>parte</strong></span> <span class='ocrx_word' id='word_1_41' title='bbox 1106 1069 1202 1142; x_wconf 94' lang='lat' dir='ltr'><strong>enim</strong></span> <span class='ocrx_word' id='word_1_42' title='bbox 1227 1069 1319 1141; x_wconf 89' lang='lat' dir='ltr'><strong>virili</strong></span> <span class='ocrx_word' id='word_1_43' title='bbox 1334 1094 1445 1166; x_wconf 89' lang='lat' dir='ltr'><strong>agere</strong></span> 
     </span>
     <span class='ocr_line' id='line_1_7' title="bbox 272 1193 1445 1291; baseline 0 -25"><span class='ocrx_word' id='word_1_44' title='bbox 272 1193 442 1267; x_wconf 88' lang='lat' dir='ltr'><strong>constitui</strong></span> <span class='ocrx_word' id='word_1_45' title='bbox 470 1195 517 1266; x_wconf 93' lang='lat' dir='ltr'><strong>de</strong></span> <span class='ocrx_word' id='word_1_46' title='bbox 545 1194 645 1267; x_wconf 90' lang='lat' dir='ltr'><strong>cultu</strong></span> <span class='ocrx_word' id='word_1_47' title='bbox 673 1196 828 1267; x_wconf 91' lang='lat' dir='ltr'><strong>deorum</strong></span> <span class='ocrx_word' id='word_1_48' title='bbox 858 1194 893 1265; x_wconf 92' lang='lat' dir='ltr'><strong>in</strong></span> <span class='ocrx_word' id='word_1_49' title='bbox 921 1194 1011 1267; x_wconf 87' lang='lat' dir='ltr'><strong>locis</strong></span> <span class='ocrx_word' id='word_1_50' title='bbox 1026 1194 1132 1267; x_wconf 89' lang='lat' dir='ltr'><strong>editis</strong></span> <span class='ocrx_word' id='word_1_51' title='bbox 1147 1195 1247 1291; x_wconf 91' lang='lat' dir='ltr'><strong>apud</strong></span> <span class='ocrx_word' id='word_1_52' title='bbox 1263 1196 1445 1279; x_wconf 88' lang='lat' dir='ltr'><strong>Graecos;</strong></span> 
     </span>
     <span class='ocr_line' id='line_1_8' title="bbox 273 1318 1445 1416; baseline -0.001 -24"><span class='ocrx_word' id='word_1_53' title='bbox 273 1321 320 1392; x_wconf 94' lang='lat' dir='ltr'><strong>ad</strong></span> <span class='ocrx_word' id='word_1_54' title='bbox 361 1320 463 1416; x_wconf 92' lang='lat' dir='ltr'><strong>quod</strong></span> <span class='ocrx_word' id='word_1_55' title='bbox 500 1333 758 1416; x_wconf 78' lang='lat' dir='ltr'><strong>argumentum</strong></span> <span class='ocrx_word' id='word_1_56' title='bbox 787 1318 1050 1404; x_wconf 88' lang='lat' dir='ltr'><strong>illustrandum,</strong></span> <span class='ocrx_word' id='word_1_57' title='bbox 1079 1333 1119 1392; x_wconf 90' lang='lat' dir='ltr'><strong>ut</strong></span> <span class='ocrx_word' id='word_1_58' title='bbox 1146 1320 1301 1391; x_wconf 88' lang='lat' dir='ltr'><strong>aliorum</strong></span> <span class='ocrx_word' id='word_1_59' title='bbox 1330 1344 1445 1415; x_wconf 94' lang='lat' dir='ltr'><strong>popu-</strong></span> 
     </span>
     <span class='ocr_line' id='line_1_9' title="bbox 273 1444 1448 1541; baseline 0 -25"><span class='ocrx_word' id='word_1_60' title='bbox 273 1445 403 1530; x_wconf 93' lang='lat' dir='ltr'><strong>lorum,</strong></span> <span class='ocrx_word' id='word_1_61' title='bbox 444 1444 494 1516; x_wconf 88' lang='lat' dir='ltr'><strong>ita</strong></span> <span class='ocrx_word' id='word_1_62' title='bbox 534 1444 748 1541; x_wconf 88' lang='lat' dir='ltr'><strong>praesertim</strong></span> <span class='ocrx_word' id='word_1_63' title='bbox 792 1446 1047 1517; x_wconf 88' lang='lat' dir='ltr'><strong>Romanorum</strong></span> <span class='ocrx_word' id='word_1_64' title='bbox 1077 1445 1197 1518; x_wconf 88' lang='lat' dir='ltr'><strong>cultus</strong></span> <span class='ocrx_word' id='word_1_65' title='bbox 1226 1445 1344 1517; x_wconf 90' lang='lat' dir='ltr'><strong>obiter</strong></span> <span class='ocrx_word' id='word_1_66' title='bbox 1371 1458 1448 1516; x_wconf 90' lang='lat' dir='ltr'><strong>tan-</strong></span> 
     </span>
     <span class='ocr_line' id='line_1_10' title="bbox 272 1569 1246 1665; baseline -0.005 -23"><span class='ocrx_word' id='word_1_67' title='bbox 272 1569 385 1665; x_wconf 91' lang='lat' dir='ltr'><strong>gendi</strong></span> <span class='ocrx_word' id='word_1_68' title='bbox 414 1583 527 1642; x_wconf 92' lang='lat' dir='ltr'><strong>erunt.</strong></span> <span class='ocrx_word' id='word_1_69' title='bbox 1244 1575 1246 1579; x_wconf 86' lang='grc'><strong>’</strong></span> 
     </span>
    </p>

    <p class='ocr_par' dir='ltr' id='par_1_5' title="bbox 183 1694 1511 2919">
     <span class='ocr_line' id='line_1_11' title="bbox 326 1694 1445 1792; baseline -0.002 -25"><span class='ocrx_word' id='word_1_70' title='bbox 326 1696 401 1768; x_wconf 85' lang='lat' dir='ltr'><strong>Sed</strong></span> <span class='ocrx_word' id='word_1_71' title='bbox 434 1696 481 1768; x_wconf 90' lang='lat' dir='ltr'><strong>de</strong></span> <span class='ocrx_word' id='word_1_72' title='bbox 508 1695 570 1768; x_wconf 90' lang='lat' dir='ltr'><strong>tali</strong></span> <span class='ocrx_word' id='word_1_73' title='bbox 599 1708 817 1792; x_wconf 90' lang='lat' dir='ltr'><strong>argumento</strong></span> <span class='ocrx_word' id='word_1_74' title='bbox 846 1719 955 1767; x_wconf 91' lang='lat' dir='ltr'><strong>nemo</strong></span> <span class='ocrx_word' id='word_1_75' title='bbox 985 1694 1052 1767; x_wconf 93' lang='lat' dir='ltr'><strong>rite</strong></span> <span class='ocrx_word' id='word_1_76' title='bbox 1080 1721 1190 1791; x_wconf 91' lang='lat' dir='ltr'><strong>agere</strong></span> <span class='ocrx_word' id='word_1_77' title='bbox 1218 1709 1340 1791; x_wconf 88' lang='lat' dir='ltr'><strong>potest</strong></span> <span class='ocrx_word' id='word_1_78' title='bbox 1368 1695 1445 1780; x_wconf 91' lang='lat' dir='ltr'><strong>nisi,</strong></span> 
     </span>
     <span class='ocr_line' id='line_1_12' title="bbox 273 1819 1490 1917; baseline -0.001 -25"><span class='ocrx_word' id='word_1_79' title='bbox 273 1820 487 1917; x_wconf 88' lang='lat' dir='ltr'><strong>priusquam</strong></span> <span class='ocrx_word' id='word_1_80' title='bbox 525 1846 619 1917; x_wconf 89' lang='lat' dir='ltr'><strong>opus</strong></span> <span class='ocrx_word' id='word_1_81' title='bbox 656 1819 903 1917; x_wconf 85' lang='lat' dir='ltr'><strong>aggrediatur,</strong></span> <span class='ocrx_word' id='word_1_82' title='bbox 941 1820 1045 1892; x_wconf 88' lang='lat' dir='ltr'><strong>anxie</strong></span> <span class='ocrx_word' id='word_1_83' title='bbox 1081 1845 1206 1893; x_wconf 90' lang='lat' dir='ltr'><strong>secum</strong></span> <span class='ocrx_word' id='word_1_84' title='bbox 1235 1821 1447 1917; x_wconf 87' lang='lat' dir='ltr'><strong>perpendat,</strong></span> <span class='ocrx_word' id='word_1_85' title='bbox 1489 1868 1490 1871; x_wconf 57' lang='lat'><em>=</em></span> 
     </span>
     <span class='ocr_line' id='line_1_13' title="bbox 273 1945 1511 2042; baseline -0.002 -25"><span class='ocrx_word' id='word_1_86' title='bbox 273 1970 471 2041; x_wconf 91' lang='lat' dir='ltr'><strong>quemnam</strong></span> <span class='ocrx_word' id='word_1_87' title='bbox 513 1945 581 2018; x_wconf 89' lang='lat' dir='ltr'><strong>sibi</strong></span> <span class='ocrx_word' id='word_1_88' title='bbox 627 1959 913 2042; x_wconf 86' lang='lat' dir='ltr'><strong>praeceptorem,</strong></span> <span class='ocrx_word' id='word_1_89' title='bbox 955 1971 1064 2040; x_wconf 88' lang='lat' dir='ltr'><strong>quern</strong></span> <span class='ocrx_word' id='word_1_90' title='bbox 1107 1959 1294 2018; x_wconf 88' lang='lat' dir='ltr'><strong>auctorem</strong></span> <span class='ocrx_word' id='word_1_91' title='bbox 1337 1958 1471 2039; x_wconf 75' lang='lat' dir='ltr'><strong>atque¹</strong></span> <span class='ocrx_word' id='word_1_92' title='bbox 1508 1994 1511 2000; x_wconf 87' lang='lat'><em>·</em></span> 
     </span>
     <span class='ocr_line' id='line_1_14' title="bbox 274 2068 1445 2168; baseline -0.003 -25"><span class='ocrx_word' id='word_1_93' title='bbox 274 2071 482 2167; x_wconf 87' lang='lat' dir='ltr'><strong>exemplum</strong></span> <span class='ocrx_word' id='word_1_94' title='bbox 520 2069 639 2167; x_wconf 86' lang='lat' dir='ltr'><strong>eligat.</strong></span> <span class='ocrx_word' id='word_1_95' title='bbox 675 2071 794 2144; x_wconf 87' lang='lat' dir='ltr'><strong>Variis</strong></span> <span class='ocrx_word' id='word_1_96' title='bbox 832 2071 928 2144; x_wconf 90' lang='lat' dir='ltr'><strong>enim</strong></span> <span class='ocrx_word' id='word_1_97' title='bbox 962 2085 998 2143; x_wconf 89' lang='lat' dir='ltr'><strong>et</strong></span> <span class='ocrx_word' id='word_1_98' title='bbox 1025 2072 1133 2168; x_wconf 92' lang='lat' dir='ltr'><strong>plane</strong></span> <span class='ocrx_word' id='word_1_99' title='bbox 1160 2070 1312 2143; x_wconf 89' lang='lat' dir='ltr'><strong>diversis</strong></span> <span class='ocrx_word' id='word_1_100' title='bbox 1341 2068 1445 2141; x_wconf 89' lang='lat' dir='ltr'><strong>ratio·</strong></span> 
     </span>
     <span class='ocr_line' id='line_1_15' title="bbox 275 2195 1445 2293; baseline -0.002 -25"><span class='ocrx_word' id='word_1_101' title='bbox 275 2196 383 2269; x_wconf 90' lang='lat' dir='ltr'><strong>nibus</strong></span> <span class='ocrx_word' id='word_1_102' title='bbox 410 2195 477 2268; x_wconf 92' lang='lat' dir='ltr'><strong>viri</strong></span> <span class='ocrx_word' id='word_1_103' title='bbox 506 2196 606 2268; x_wconf 88' lang='lat' dir='ltr'><strong>docti</strong></span> <span class='ocrx_word' id='word_1_104' title='bbox 635 2222 687 2282; x_wconf 89' lang='lat' dir='ltr'><strong>ea,</strong></span> <span class='ocrx_word' id='word_1_105' title='bbox 715 2221 811 2291; x_wconf 88' lang='lat' dir='ltr'><strong>quae</strong></span> <span class='ocrx_word' id='word_1_106' title='bbox 838 2196 1034 2293; x_wconf 88' lang='lat' dir='ltr'><strong>scriptores</strong></span> <span class='ocrx_word' id='word_1_107' title='bbox 1062 2209 1202 2269; x_wconf 89' lang='lat' dir='ltr'><strong>veteres</strong></span> <span class='ocrx_word' id='word_1_108' title='bbox 1230 2196 1277 2268; x_wconf 91' lang='lat' dir='ltr'><strong>de</strong></span> <span class='ocrx_word' id='word_1_109' title='bbox 1292 2196 1445 2267; x_wconf 92' lang='lat' dir='ltr'><strong>deorum</strong></span> 
     </span>
     <span class='ocr_line' id='line_1_16' title="bbox 274 2321 1448 2417; baseline -0.001 -24"><span class='ocrx_word' id='word_1_110' title='bbox 274 2321 406 2394; x_wconf 82' lang='lat' dir='ltr'><strong>fabulis</strong></span> <span class='ocrx_word' id='word_1_111' title='bbox 456 2321 687 2416; x_wconf 92' lang='lat' dir='ltr'><strong>cultibusque</strong></span> <span class='ocrx_word' id='word_1_112' title='bbox 732 2321 969 2408; x_wconf 83' lang='lat' dir='ltr'><strong>tradiderunt,</strong></span> <span class='ocrx_word' id='word_1_113' title='bbox 1010 2321 1191 2417; x_wconf 89' lang='lat' dir='ltr'><strong>explicare</strong></span> <span class='ocrx_word' id='word_1_114' title='bbox 1231 2322 1366 2406; x_wconf 86' lang='lat' dir='ltr'><strong>solent;</strong></span> <span class='ocrx_word' id='word_1_115' title='bbox 1408 2333 1448 2392; x_wconf 88' lang='lat' dir='ltr'><strong>ut</strong></span> 
     </span>
     <span class='ocr_line' id='line_1_17' title="bbox 275 2445 1447 2542; baseline 0.001 -24"><span class='ocrx_word' id='word_1_116' title='bbox 275 2446 432 2519; x_wconf 87' lang='lat' dir='ltr'><strong>maxime</strong></span> <span class='ocrx_word' id='word_1_117' title='bbox 468 2447 668 2519; x_wconf 89' lang='lat' dir='ltr'><strong>verendum</strong></span> <span class='ocrx_word' id='word_1_118' title='bbox 706 2445 760 2531; x_wconf 90' lang='lat' dir='ltr'><strong>sit,</strong></span> <span class='ocrx_word' id='word_1_119' title='bbox 784 2446 987 2519; x_wconf 90' lang='lat' dir='ltr'><strong>iunioribus</strong></span> <span class='ocrx_word' id='word_1_120' title='bbox 1015 2446 1227 2542; x_wconf 89' lang='lat' dir='ltr'><strong>praesertim</strong></span> <span class='ocrx_word' id='word_1_121' title='bbox 1257 2460 1367 2541; x_wconf 90' lang='lat' dir='ltr'><strong>atque</strong></span> <span class='ocrx_word' id='word_1_122' title='bbox 1395 2445 1447 2531; x_wconf 91' lang='lat' dir='ltr'><strong>iis,</strong></span> 
     </span>
     <span class='ocr_line' id='line_1_18' title="bbox 274 2570 1447 2667; baseline 0 -24"><span class='ocrx_word' id='word_1_123' title='bbox 274 2570 336 2666; x_wconf 93' lang='lat' dir='ltr'><strong>qui</strong></span> <span class='ocrx_word' id='word_1_124' title='bbox 365 2571 400 2643; x_wconf 92' lang='lat' dir='ltr'><strong>in</strong></span> <span class='ocrx_word' id='word_1_125' title='bbox 429 2570 529 2644; x_wconf 91' lang='lat' dir='ltr'><strong>hisce</strong></span> <span class='ocrx_word' id='word_1_126' title='bbox 556 2570 686 2644; x_wconf 88' lang='lat' dir='ltr'><strong>studiis</strong></span> <span class='ocrx_word' id='word_1_127' title='bbox 714 2572 878 2643; x_wconf 93' lang='lat' dir='ltr'><strong>nondum</strong></span> <span class='ocrx_word' id='word_1_128' title='bbox 907 2571 993 2644; x_wconf 87' lang='lat' dir='ltr'><strong>satis</strong></span> <span class='ocrx_word' id='word_1_129' title='bbox 1022 2571 1154 2644; x_wconf 89' lang='lat' dir='ltr'><strong>versati</strong></span> <span class='ocrx_word' id='word_1_130' title='bbox 1182 2571 1262 2657; x_wconf 89' lang='lat' dir='ltr'><strong>sint,</strong></span> <span class='ocrx_word' id='word_1_131' title='bbox 1278 2597 1323 2643; x_wconf 91' lang='lat' dir='ltr'><strong>ne</strong></span> <span class='ocrx_word' id='word_1_132' title='bbox 1339 2570 1447 2667; x_wconf 91' lang='lat' dir='ltr'><strong>copia</strong></span> 
     </span>
     <span class='ocr_line' id='line_1_19' title="bbox 183 2695 1447 2792; baseline 0.001 -25"><span class='ocrx_word' id='word_1_133' title='bbox 183 2763 185 2767; x_wconf 79' lang='grc'>,</span> <span class='ocrx_word' id='word_1_134' title='bbox 273 2696 532 2770; x_wconf 89' lang='lat' dir='ltr'><strong>sententiarum</strong></span> <span class='ocrx_word' id='word_1_135' title='bbox 562 2696 683 2769; x_wconf 89' lang='lat' dir='ltr'><strong>obruti</strong></span> <span class='ocrx_word' id='word_1_136' title='bbox 712 2695 844 2769; x_wconf 87' lang='lat' dir='ltr'><strong>frustra</strong></span> <span class='ocrx_word' id='word_1_137' title='bbox 872 2710 1056 2792; x_wconf 88' lang='lat' dir='ltr'><strong>quaerant,</strong></span> <span class='ocrx_word' id='word_1_138' title='bbox 1084 2722 1159 2792; x_wconf 91' lang='lat' dir='ltr'><strong>quo</strong></span> <span class='ocrx_word' id='word_1_139' title='bbox 1189 2698 1302 2769; x_wconf 92' lang='lat' dir='ltr'><strong>modo</strong></span> <span class='ocrx_word' id='word_1_140' title='bbox 1317 2723 1361 2769; x_wconf 87' lang='lat' dir='ltr'><strong>ex</strong></span> <span class='ocrx_word' id='word_1_141' title='bbox 1375 2697 1447 2769; x_wconf 91' lang='lat' dir='ltr'><strong>hoc</strong></span> 
     </span>
     <span class='ocr_line' id='line_1_20' title="bbox 275 2821 919 2919; baseline -0.002 -25"><span class='ocrx_word' id='word_1_142' title='bbox 275 2821 487 2918; x_wconf 93' lang='lat' dir='ltr'><strong>opinionum</strong></span> <span class='ocrx_word' id='word_1_143' title='bbox 517 2821 725 2919; x_wconf 90' lang='lat' dir='ltr'><strong>labyrintho</strong></span> <span class='ocrx_word' id='word_1_144' title='bbox 753 2823 919 2894; x_wconf 90' lang='lat' dir='ltr'><strong>evadant.</strong></span> 
     </span>
    </p>

    <p class='ocr_par' dir='ltr' id='par_1_6' title="bbox 274 2944 1448 3666">
     <span class='ocr_line' id='line_1_21' title="bbox 328 2944 1446 3042; baseline 0 -25"><span class='ocrx_word' id='word_1_145' title='bbox 328 2948 404 3018; x_wconf 80' lang='lat' dir='ltr'><strong>lam</strong></span> <span class='ocrx_word' id='word_1_146' title='bbox 446 2945 533 3018; x_wconf 88' lang='lat' dir='ltr'><strong>satis</strong></span> <span class='ocrx_word' id='word_1_147' title='bbox 575 2945 742 3018; x_wconf 91' lang='lat' dir='ltr'><strong>obsoleta</strong></span> <span class='ocrx_word' id='word_1_148' title='bbox 783 2944 915 3018; x_wconf 89' lang='lat' dir='ltr'><strong>nostris</strong></span> <span class='ocrx_word' id='word_1_149' title='bbox 956 2944 1086 3017; x_wconf 91' lang='lat' dir='ltr'><strong>diebus</strong></span> <span class='ocrx_word' id='word_1_150' title='bbox 1115 2958 1169 3019; x_wconf 89' lang='lat' dir='ltr'><strong>est</strong></span> <span class='ocrx_word' id='word_1_151' title='bbox 1196 2945 1331 3042; x_wconf 88' lang='lat' dir='ltr'><strong>opini0,</strong></span> <span class='ocrx_word' id='word_1_152' title='bbox 1360 2945 1446 3017; x_wconf 87' lang='lat' dir='ltr'><strong>olim</strong></span> 
     </span>
     <span class='ocr_line' id='line_1_22' title="bbox 275 3070 1447 3168; baseline 0 -27"><span class='ocrx_word' id='word_1_153' title='bbox 275 3070 366 3143; x_wconf 88' lang='lat' dir='ltr'><strong>inter</strong></span> <span class='ocrx_word' id='word_1_154' title='bbox 404 3071 640 3168; x_wconf 89' lang='lat' dir='ltr'><strong>mythologos</strong></span> <span class='ocrx_word' id='word_1_155' title='bbox 683 3071 1034 3142; x_wconf 87' lang='lat' dir='ltr'><strong>Forchhammerum</strong></span> <span class='ocrx_word' id='word_1_156' title='bbox 1064 3070 1263 3142; x_wconf 91' lang='lat' dir='ltr'><strong>Prellerum</strong></span> <span class='ocrx_word' id='word_1_157' title='bbox 1293 3071 1447 3144; x_wconf 85' lang='lat' dir='ltr'><strong>Gerhar-</strong></span> 
     </span>
     <span class='ocr_line' id='line_1_23' title="bbox 274 3194 1446 3292; baseline -0.001 -25"><span class='ocrx_word' id='word_1_158' title='bbox 274 3196 363 3267; x_wconf 95' lang='lat' dir='ltr'><strong>dum</strong></span> <span class='ocrx_word' id='word_1_159' title='bbox 405 3195 639 3268; x_wconf 88' lang='lat' dir='ltr'><strong>Welckerum</strong></span> <span class='ocrx_word' id='word_1_160' title='bbox 682 3195 771 3268; x_wconf 87' lang='lat' dir='ltr'><strong>alios</strong></span> <span class='ocrx_word' id='word_1_161' title='bbox 813 3195 1038 3292; x_wconf 88' lang='lat' dir='ltr'><strong>pervulgata,</strong></span> <span class='ocrx_word' id='word_1_162' title='bbox 1080 3195 1172 3267; x_wconf 91' lang='lat' dir='ltr'><strong>coeli</strong></span> <span class='ocrx_word' id='word_1_163' title='bbox 1220 3194 1446 3280; x_wconf 89' lang='lat' dir='ltr'><strong>mutationes,</strong></span> 
     </span>
     <span class='ocr_line' id='line_1_24' title="bbox 276 3320 1445 3416; baseline 0 -25"><span class='ocrx_word' id='word_1_164' title='bbox 276 3334 396 3392; x_wconf 89' lang='lat' dir='ltr'><strong>motus</strong></span> <span class='ocrx_word' id='word_1_165' title='bbox 424 3320 618 3406; x_wconf 87' lang='lat' dir='ltr'><strong>stellarum,</strong></span> <span class='ocrx_word' id='word_1_166' title='bbox 646 3320 733 3393; x_wconf 89' lang='lat' dir='ltr'><strong>solis</strong></span> <span class='ocrx_word' id='word_1_167' title='bbox 762 3345 915 3393; x_wconf 89' lang='lat' dir='ltr'><strong>occasus</strong></span> <span class='ocrx_word' id='word_1_168' title='bbox 939 3334 1049 3415; x_wconf 89' lang='lat' dir='ltr'><strong>atque</strong></span> <span class='ocrx_word' id='word_1_169' title='bbox 1064 3333 1174 3405; x_wconf 89' lang='lat' dir='ltr'><strong>ortus,</strong></span> <span class='ocrx_word' id='word_1_170' title='bbox 1189 3333 1445 3416; x_wconf 89' lang='lat' dir='ltr'><strong>tempestatum</strong></span> 
     </span>
     <span class='ocr_line' id='line_1_25' title="bbox 275 3445 1447 3551; baseline 0 -34"><span class='ocrx_word' id='word_1_171' title='bbox 275 3469 317 3517; x_wconf 96' lang='lat' dir='ltr'><strong>ac</strong></span> <span class='ocrx_word' id='word_1_172' title='bbox 345 3458 554 3542; x_wconf 90' lang='lat' dir='ltr'><strong>temporum</strong></span> <span class='ocrx_word' id='word_1_173' title='bbox 587 3445 788 3530; x_wconf 73' lang='lat' dir='ltr'><strong>varietates</strong></span> <span class='ocrx_word' id='word_1_174' title='bbox 817 3445 941 3551; x_wconf 88' lang='lat' dir='ltr'><strong>omnia</strong></span> <span class='ocrx_word' id='word_1_175' title='bbox 968 3445 1135 3540; x_wconf 88' lang='lat' dir='ltr'><strong>denique,</strong></span> <span class='ocrx_word' id='word_1_176' title='bbox 1163 3471 1258 3540; x_wconf 90' lang='lat' dir='ltr'><strong>quae</strong></span> <span class='ocrx_word' id='word_1_177' title='bbox 1287 3445 1322 3516; x_wconf 92' lang='lat' dir='ltr'><strong>in</strong></span> <span class='ocrx_word' id='word_1_178' title='bbox 1343 3445 1447 3517; x_wconf 90' lang='lat' dir='ltr'><strong>coelo</strong></span> 
     </span>
     <span class='ocr_line' id='line_1_26' title="bbox 274 3569 1448 3666; baseline 0.001 -25"><span class='ocrx_word' id='word_1_179' title='bbox 274 3569 375 3656; x_wconf 86' lang='lat' dir='ltr'><strong>fiunt,</strong></span> <span class='ocrx_word' id='word_1_180' title='bbox 415 3584 578 3643; x_wconf 90' lang='lat' dir='ltr'><strong>veterum</strong></span> <span class='ocrx_word' id='word_1_181' title='bbox 621 3570 762 3644; x_wconf 92' lang='lat' dir='ltr'><strong>animos</strong></span> <span class='ocrx_word' id='word_1_182' title='bbox 804 3569 1017 3666; x_wconf 84' lang='lat' dir='ltr'><strong>perduxisse</strong></span> <span class='ocrx_word' id='word_1_183' title='bbox 1059 3571 1106 3642; x_wconf 94' lang='lat' dir='ltr'><strong>ad</strong></span> <span class='ocrx_word' id='word_1_184' title='bbox 1135 3569 1329 3666; x_wconf 75' lang='lat' dir='ltr'><strong>tingendos</strong></span> <span class='ocrx_word' id='word_1_185' title='bbox 1358 3571 1448 3642; x_wconf 91' lang='lat' dir='ltr'><strong>deos</strong></span> 
     </span>
    </p>
   </div>
   <div class='ocr_carea' id='block_1_4' title="bbox 277 3821 489 3828">
    <p class='ocr_par' dir='ltr' id='par_1_7' title="bbox 277 3821 489 3828">
     <span class='ocr_line' id='line_1_27' title="bbox 277 3821 489 3828; baseline -0.009 0"><span class='ocrx_word' id='word_1_186' title='bbox 277 3821 489 3828; x_wconf 74' lang='lat'><em>——-———</em></span> 
     </span>
    </p>
   </div>
   <div class='ocr_carea' id='block_1_5' title="bbox 275 3960 1447 4293">
    <p class='ocr_par' dir='ltr' id='par_1_8' title="bbox 315 3960 908 4028">
     <span class='ocr_line' id='line_1_28' title="bbox 315 3960 908 4028; baseline -0.003 -18"><span class='ocrx_word' id='word_1_187' title='bbox 315 3960 338 4028; x_wconf 83' lang='lat'><strong>1)</strong></span> <span class='ocrx_word' id='word_1_188' title='bbox 358 3963 393 4010; x_wconf 92' lang='lat' dir='ltr'><strong>R.</strong></span> <span class='ocrx_word' id='word_1_189' title='bbox 413 3963 484 4020; x_wconf 86' lang='lat' dir='ltr'><strong>Beer,</strong></span> <span class='ocrx_word' id='word_1_190' title='bbox 504 3961 573 4010; x_wconf 90' lang='lat' dir='ltr'><strong>Heil.</strong></span> <span class='ocrx_word' id='word_1_191' title='bbox 594 3960 665 4009; x_wconf 74' lang='lat' dir='ltr'><strong>Hah.</strong></span> <span class='ocrx_word' id='word_1_192' title='bbox 684 3962 767 4009; x_wconf 77' lang='lat' dir='ltr'><strong>Praei.</strong></span> <span class='ocrx_word' id='word_1_193' title='bbox 786 3977 811 4026; x_wconf 92' lang='lat' dir='ltr'><strong>p.</strong></span> <span class='ocrx_word' id='word_1_194' title='bbox 832 3962 908 4009; x_wconf 88' lang='lat' dir='ltr'><strong>VIII.</strong></span> 
     </span>
    </p>

    <p class='ocr_par' dir='ltr' id='par_1_9' title="bbox 275 4048 1447 4293">
     <span class='ocr_line' id='line_1_29' title="bbox 312 4048 1446 4114; baseline -0.004 -16"><span class='ocrx_word' id='word_1_195' title='bbox 312 4055 336 4112; x_wconf 84' lang='lat'><strong>2)</strong></span> <span class='ocrx_word' id='word_1_196' title='bbox 354 4054 432 4099; x_wconf 89' lang='lat' dir='ltr'><strong>Anno</strong></span> <span class='ocrx_word' id='word_1_197' title='bbox 454 4062 481 4111; x_wconf 90' lang='lat'><strong>17</strong></span> <span class='ocrx_word' id='word_1_198' title='bbox 486 4062 519 4114; x_wconf 82' lang='lat'><strong>54</strong></span> <span class='ocrx_word' id='word_1_199' title='bbox 539 4050 612 4098; x_wconf 87' lang='lat' dir='ltr'><strong>Halis</strong></span> <span class='ocrx_word' id='word_1_200' title='bbox 630 4051 757 4099; x_wconf 86' lang='lat' dir='ltr'><strong>Saxonum</strong></span> <span class='ocrx_word' id='word_1_201' title='bbox 776 4051 869 4114; x_wconf 89' lang='lat' dir='ltr'><strong>prodiit</strong></span> <span class='ocrx_word' id='word_1_202' title='bbox 887 4049 984 4098; x_wconf 88' lang='lat' dir='ltr'><strong>libellus</strong></span> <span class='ocrx_word' id='word_1_203' title='bbox 1003 4050 1034 4099; x_wconf 88' lang='lat' dir='ltr'><strong>G.</strong></span> <span class='ocrx_word' id='word_1_204' title='bbox 1054 4053 1089 4097; x_wconf 91' lang='lat' dir='ltr'><strong>A.</strong></span> <span class='ocrx_word' id='word_1_205' title='bbox 1110 4049 1248 4107; x_wconf 86' lang='lat' dir='ltr'><strong>Zachariae,</strong></span> <span class='ocrx_word' id='word_1_206' title='bbox 1271 4048 1319 4112; x_wconf 83' lang='lat' dir='ltr'><strong>„de</strong></span> <span class='ocrx_word' id='word_1_207' title='bbox 1328 4063 1396 4095; x_wconf 90' lang='lat' dir='ltr'><strong>more</strong></span> <span class='ocrx_word' id='word_1_208' title='bbox 1405 4062 1446 4095; x_wconf 91' lang='lat' dir='ltr'><strong>ve·</strong></span> 
     </span>
     <span class='ocr_line' id='line_1_30' title="bbox 275 4137 1447 4203; baseline -0.003 -15"><span class='ocrx_word' id='word_1_209' title='bbox 275 4149 353 4189; x_wconf 85' lang='lat' dir='ltr'><strong>terum</strong></span> <span class='ocrx_word' id='word_1_210' title='bbox 372 4141 397 4188; x_wconf 92' lang='lat' dir='ltr'><strong>in</strong></span> <span class='ocrx_word' id='word_1_211' title='bbox 416 4140 475 4189; x_wconf 89' lang='lat' dir='ltr'><strong>locis</strong></span> <span class='ocrx_word' id='word_1_212' title='bbox 493 4141 567 4189; x_wconf 83' lang='lat' dir='ltr'><strong>editis</strong></span> <span class='ocrx_word' id='word_1_213' title='bbox 577 4140 675 4189; x_wconf 87' lang='lat' dir='ltr'><strong>colendi</strong></span> <span class='ocrx_word' id='word_1_214' title='bbox 685 4140 786 4197; x_wconf 89' lang='lat' dir='ltr'><strong>deum&#39;’,</strong></span> <span class='ocrx_word' id='word_1_215' title='bbox 797 4140 865 4187; x_wconf 92' lang='lat' dir='ltr'><strong>cuius</strong></span> <span class='ocrx_word' id='word_1_216' title='bbox 876 4147 960 4187; x_wconf 87' lang='lat' dir='ltr'><strong>tamen</strong></span> <span class='ocrx_word' id='word_1_217' title='bbox 970 4141 1052 4203; x_wconf 90' lang='lat' dir='ltr'><strong>operis</strong></span> <span class='ocrx_word' id='word_1_218' title='bbox 1069 4140 1217 4203; x_wconf 89' lang='lat' dir='ltr'><strong>inspiciendi</strong></span> <span class='ocrx_word' id='word_1_219' title='bbox 1229 4138 1328 4203; x_wconf 88' lang='lat' dir='ltr'><strong>copiam</strong></span> <span class='ocrx_word' id='word_1_220' title='bbox 1337 4137 1447 4185; x_wconf 84' lang='lat' dir='ltr'><strong>nancisci</strong></span> 
     </span>
     <span class='ocr_line' id='line_1_31' title="bbox 275 4232 421 4293; baseline -0.007 -16"><span class='ocrx_word' id='word_1_221' title='bbox 275 4245 325 4278; x_wconf 91' lang='lat' dir='ltr'><strong>non</strong></span> <span class='ocrx_word' id='word_1_222' title='bbox 343 4232 421 4293; x_wconf 85' lang='lat' dir='ltr'><strong>potui.</strong></span> 
     </span>
    </p>
   </div>
   <div class='ocr_carea' id='block_1_6' title="bbox 0 0 1552 4942">
    <p class='ocr_par' dir='ltr' id='par_1_10' title="bbox 0 0 1552 4942">
     <span class='ocr_line' id='line_1_32' title="bbox 0 0 1552 4942; baseline 0 0"><span class='ocrx_word' id='word_1_223' title='bbox 0 0 1552 4942; x_wconf 95' lang='lat' dir='ltr'><strong> </strong></span> 
     </span>
    </p>
   </div>
  </div>
 </body>
</html>
