3106 4942
757 391 803 456 33

192 595 394 677 naturaque
432 581 652 678 mythorum,
689 581 751 676 qui
788 607 873 655 cum
904 582 965 654 illo
993 581 1064 654 deo
1093 580 1278 654 Arcadico
1306 605 1366 653 co-

154 737 155 741 *
191 708 348 793 haerent,
363 707 482 780 varias
497 707 533 778 in
548 721 669 803 partes
683 707 970 803 disputaverunt.
986 707 1153 799 Quorum
1169 706 1365 780 sententias

191 832 401 929 singulatim
431 846 650 928 pertractare
678 845 714 905 et
741 833 894 929 longum
923 845 978 905 est
1005 845 1041 904 et
1068 858 1090 904 a
1113 831 1265 904 consilio
1281 858 1364 905 meo

191 957 359 1030 alienum.
403 960 530 1032 Unum
572 957 643 1030 hoc
685 971 825 1030 tantum
859 958 980 1031 dicam
1009 983 1068 1030 me
1096 956 1259 1030 assentiri
1288 957 1365 1043 illis,

191 1082 253 1176 qui
296 1107 511 1178 persuasum
549 1083 717 1168 habeant,
746 1085 969 1179 Lycaonem,
997 1083 1059 1178 qui
1093 1082 1233 1178 primus
1261 1108 1365 1156 sacra

190 1206 225 1277 in
268 1221 392 1280 monte
435 1210 583 1304 Lycaeo
625 1207 821 1281 instituisse
863 1222 899 1281 et
934 1218 983 1278 Διί
1013 1207 1081 1303 ipsi
1110 1207 1226 1280 filium
1255 1233 1363 1281 suum

190 1331 339 1426 epulum
382 1333 527 1405 dedisse
569 1332 760 1418 ferebatur,
803 1332 977 1428 quocirca
1018 1335 1065 1405 ab
1107 1333 1199 1406 irato
1228 1332 1299 1405 deo
1327 1333 1363 1404 in

190 1456 317 1551 lupum
343 1470 623 1543 converteretur,
652 1458 739 1530 olim
767 1458 956 1531 Arcadum
986 1457 1097 1531 deum
1126 1458 1362 1553 principalem

191 1581 320 1666 luisse;
349 1595 477 1677 postea
505 1597 637 1668 autem,
666 1609 749 1657 cum
779 1583 871 1657 deus
898 1583 1065 1680 superior
1089 1592 1165 1664 Ζεύς
1188 1583 1362 1656 eiusloco

190 1706 423 1780 successisset
450 1707 602 1803 eiusque
629 1708 788 1781 honores
816 1709 863 1781 ad
891 1734 931 1781 se
945 1708 1119 1794 traxisset,
1134 1706 1235 1780 illum
1251 1709 1362 1781 deum

189 1829 274 1904 huic
303 1832 494 1906 recessisse
522 1846 558 1906 et
587 1858 659 1905 non
680 1833 747 1906 nisi
768 1834 803 1905 in
824 1833 958 1930 mythis
977 1833 1208 1929 superstitem
1225 1858 1363 1906 reman-

190 1954 288 2028 sisse.
317 1956 355 2029 Si
385 1957 466 2052 quis
494 1970 617 2030 autem
637 1958 865 2053 quaesiverit,
884 1958 1052 2053 quisnam
1072 1958 1180 2031 fuerit
1198 1945 1257 2031 ille
1271 1959 1362 2031 deus

190 2080 331 2174 priscus
354 2092 502 2168 Λυκάων,
523 2082 600 2155 sine
629 2083 702 2156 ulla
729 2083 957 2156 dubitatione
984 2082 1253 2168 affirmaverim,
1277 2109 1361 2156 eum

189 2205 289 2278 haud
317 2206 420 2279 aliter
447 2232 559 2301 quam
585 2219 645 2278 Δία
663 2223 804 2281 Λυκαῖον
826 2208 1038 2281 habendum
1059 2233 1138 2280 esse
1157 2206 1193 2279 in
1209 2233 1362 2281 numero

190 2330 354 2415 deorum,
369 2331 431 2426 qui
447 2331 565 2404 lucem
581 2332 661 2405 orbi
677 2347 853 2406 terrarum
869 2335 1077 2428 praebeant.
1097 2335 1197 2405 Nam
1212 2346 1361 2430 etymon

189 2454 290 2526 vocis
314 2467 454 2528 Λυκάων
477 2482 500 2528 a
527 2457 650 2529 radice
668 2464 746 2529 λυκα
763 2457 902 2554 (ululo)
918 2457 1158 2530 derivandum
1174 2472 1229 2530 est
1243 2483 1362 2553 neque

189 2603 273 2651 cum
298 2586 447 2666 „tono-ff
473 2579 659 2678 («lupus»)
683 2579 898 2681 cohaeret¹).
926 2583 1067 2656 Omnes
1081 2582 1193 2679 igitur
1208 2582 1362 2669 fabulae,

189 2729 284 2797 quae
321 2705 368 2777 ad
398 2707 609 2802 Lycaonem
638 2706 674 2778 in
703 2707 830 2803 lupum
859 2707 1158 2803 transfiguratum
1187 2721 1361 2803 spectant,

188 2841 252 2901 aut
293 2830 494 2924 posteriore
536 2844 653 2904 aetate
695 2857 715 2904 e
757 2831 848 2905 falsa
875 2832 1107 2929 cognominis
1135 2832 1362 2928 etymologia

189 2966 290 3027 ortae
318 2967 410 3040 sunt,
439 2969 509 3041 aut,
537 2956 568 3028 si
595 2956 757 3030 sincerae
785 2970 869 3030 sunt
897 2970 933 3030 et
960 2983 1004 3030 ex
1027 2957 1108 3053 ipso
1124 2957 1245 3053 prisco
1260 2957 1360 3030 cultu

188 3092 365 3174 sumptae,
392 3080 463 3152 hoc
492 3094 613 3153 tamen
642 3081 829 3154 enomine
853 3093 991 3153 Λυκάων
1003 3081 1100 3154 effici
1115 3081 1254 3176 nequit;
1275 3107 1359 3154 nam

188 3227 271 3288 non,
286 3203 353 3276 nisi
367 3229 462 3276 vana
476 3205 676 3279 similitudo
696 3219 812 3279 exstat
826 3206 917 3279 inter
931 3208 1044 3279 verba
1061 3214 1185 3279 λυκάων
1208 3218 1244 3278 et
1261 3211 1360 3291 λύίιος,

188 3354 283 3423 quae
324 3354 363 3403 re
402 3356 490 3404 vera
531 3332 630 3404 nullo
673 3332 786 3403 modo
828 3331 920 3403 inter
961 3356 1041 3404 sese
1075 3355 1240 3403 connexa
1267 3342 1360 3402 sunt.

188 3453 384 3526 Posteriori
412 3455 520 3527 aetati
548 3456 690 3528 fabulas
717 3455 880 3528 attribuit
908 3456 1036 3528 Herm.
1065 3457 1209 3529 Usener
1222 3451 1257 3552 2),
1276 3452 1360 3526 alte-

227 3679 248 3738 1)
268 3677 308 3725 ct.
327 3677 376 3725 Ed.
396 3678 491 3741 Meyer,
511 3676 615 3726 Forsch.
635 3694 656 3726 z.
675 3694 698 3729 a.
718 3675 808 3726 Gesch.
828 3674 891 3724 161
913 3679 991 3724 Anm.
1008 3689 1033 3739 3.
1054 3677 1211 3740 ..luxu-roc,
1224 3677 1357 3734 luno-mv.

189 3772 353 3846 ivry-yavyg
394 3773 533 3840 λυκα-βας
560 3771 616 3819 sind
634 3770 805 3833 Ableitungen
824 3786 873 3818 von
891 3771 949 3818 dem
968 3769 1155 3821 verschollenen
1173 3787 1265 3820 nomen
1286 3772 1357 3824 luxu

186 3868 281 3936 (λυκη)
312 3866 403 3924 „Licht
430 3867 542 3929 (Tag?)”,
567 3865 620 3914 und
648 3863 729 3913 haben
755 3866 801 3914 mit
820 3863 918 3925 luno-c
938 3866 997 3927 (von
1016 3867 1074 3914 dem
1093 3883 1115 3915 z.
1135 3867 1166 3915 B.
1188 3867 1357 3940 luno-opyoc

187 3963 297 4022 stammt)
317 3960 398 4009 nichts
418 3977 448 4009 zu
467 3959 556 4011 tliun.''

224 4053 248 4112 2)
268 4051 302 4097 H.
323 4051 427 4107 Usener,
447 4050 560 4097 Gdttcrn.
582 4047 632 4095 216
653 4047 717 4104 „Als
736 4047 780 4096 der
801 4047 955 4111 sprachliche
977 4048 1193 4112 Zusammenhang
1205 4050 1284 4112 geldst
1298 4067 1356 4108 war,

187 4137 230 4185 der
257 4140 302 4186 das
330 4139 508 4186 Versttindniss
530 4138 575 4185 der
593 4137 812 4200 Wortbedeutung
830 4137 941 4185 ausrecht
959 4137 1027 4195 hielt,
1047 4138 1144 4200 begann
1163 4139 1204 4186 die
1222 4139 1357 4202 Volksety-

188 4227 295 4289 mologie
316 4227 354 4274 ihr
372 4228 437 4275 loses
456 4226 522 4290 Spiel
543 4226 595 4274 und
612 4225 710 4274 machte
728 4227 777 4274 den
795 4227 858 4275 Gott
875 4243 932 4274 zum
950 4227 1048 4275 Wolf.”

1224 4349 1245 4414 3
