<?xml version="1.0" encoding="UTF-8"?>
<!DOCTYPE html PUBLIC "-//W3C//DTD XHTML 1.0 Transitional//EN"
    "http://www.w3.org/TR/xhtml1/DTD/xhtml1-transitional.dtd">
<html xmlns="http://www.w3.org/1999/xhtml" xml:lang="en" lang="en">
 <head>
  <title>
</title>
<meta http-equiv="Content-Type" content="text/html;charset=utf-8" />
  <meta name='ocr-system' content='tesseract 3.04.00' />
  <meta name='ocr-capabilities' content='ocr_page ocr_carea ocr_par ocr_line ocrx_word'/>
</head>
<body>
  <div class='ocr_page' id='page_1' title='image "./dediisinlocised00albegoog_0027.png"; bbox 0 0 3106 4942; ppageno 0'>
   <div class='ocr_carea' id='block_1_1' title="bbox 754 401 796 469">
    <p class='ocr_par' dir='ltr' id='par_1_1' title="bbox 754 401 796 469">
     <span class='ocr_line' id='line_1_1' title="bbox 754 401 796 469; baseline 0 0"><span class='ocrx_word' id='word_1_1' title='bbox 754 401 796 469; x_wconf 86' lang='lat'>13</span> 
     </span>
    </p>
   </div>
   <div class='ocr_carea' id='block_1_2' title="bbox 141 595 1362 3179">
    <p class='ocr_par' dir='ltr' id='par_1_2' title="bbox 141 595 1362 3179">
     <span class='ocr_line' id='line_1_2' title="bbox 241 595 1359 692; baseline -0.001 -23"><span class='ocrx_word' id='word_1_2' title='bbox 241 596 316 669; x_wconf 88' lang='lat' dir='ltr'>Sed</span> <span class='ocrx_word' id='word_1_3' title='bbox 357 596 447 668; x_wconf 91' lang='lat' dir='ltr'>haec</span> <span class='ocrx_word' id='word_1_4' title='bbox 488 595 678 679; x_wconf 89' lang='lat' dir='ltr'>hactenus;</span> <span class='ocrx_word' id='word_1_5' title='bbox 706 595 792 669; x_wconf 92' lang='lat' dir='ltr'>satis</span> <span class='ocrx_word' id='word_1_6' title='bbox 825 619 1011 692; x_wconf 83' lang='lat' dir='ltr'>superque</span> <span class='ocrx_word' id='word_1_7' title='bbox 1039 595 1214 692; x_wconf 83' lang='lat' dir='ltr'>exemplis</span> <span class='ocrx_word' id='word_1_8' title='bbox 1243 611 1359 670; x_wconf 90' lang='lat' dir='ltr'>osten-</span> 
     </span>
     <span class='ocr_line' id='line_1_3' title="bbox 188 720 1359 818; baseline 0.001 -27"><span class='ocrx_word' id='word_1_9' title='bbox 188 720 318 806; x_wconf 93' lang='lat' dir='ltr'>dimus,</span> <span class='ocrx_word' id='word_1_10' title='bbox 358 745 469 814; x_wconf 90' lang='lat' dir='ltr'>quam</span> <span class='ocrx_word' id='word_1_11' title='bbox 512 720 728 816; x_wconf 84' lang='lat' dir='ltr'>pervulgata</span> <span class='ocrx_word' id='word_1_12' title='bbox 773 722 872 817; x_wconf 90' lang='lat' dir='ltr'>apud</span> <span class='ocrx_word' id='word_1_13' title='bbox 915 745 1042 792; x_wconf 89' lang='lat' dir='ltr'>omnes</span> <span class='ocrx_word' id='word_1_14' title='bbox 1084 720 1159 793; x_wconf 89' lang='lat' dir='ltr'>fere</span> <span class='ocrx_word' id='word_1_15' title='bbox 1199 722 1359 818; x_wconf 90' lang='lat' dir='ltr'>populos</span> 
     </span>
     <span class='ocr_line' id='line_1_4' title="bbox 187 845 1360 941; baseline 0.002 -23"><span class='ocrx_word' id='word_1_16' title='bbox 187 859 281 920; x_wconf 87' lang='lat' dir='ltr'>esset</span> <span class='ocrx_word' id='word_1_17' title='bbox 340 845 568 918; x_wconf 82' lang='lat' dir='ltr'>consuetudo</span> <span class='ocrx_word' id='word_1_18' title='bbox 624 846 714 918; x_wconf 90' lang='lat' dir='ltr'>deos</span> <span class='ocrx_word' id='word_1_19' title='bbox 778 845 813 917; x_wconf 91' lang='lat' dir='ltr'>in</span> <span class='ocrx_word' id='word_1_20' title='bbox 868 845 958 918; x_wconf 93' lang='lat' dir='ltr'>locis</span> <span class='ocrx_word' id='word_1_21' title='bbox 1003 846 1254 941; x_wconf 91' lang='lat' dir='ltr'>superioribus</span> <span class='ocrx_word' id='word_1_22' title='bbox 1301 873 1360 920; x_wconf 89' lang='lat' dir='ltr'>co-</span> 
     </span>
     <span class='ocr_line' id='line_1_5' title="bbox 187 970 1360 1070; baseline 0.003 -27"><span class='ocrx_word' id='word_1_23' title='bbox 187 971 293 1044; x_wconf 91' lang='lat' dir='ltr'>lendi.</span> <span class='ocrx_word' id='word_1_24' title='bbox 335 970 530 1063; x_wconf 78' lang='lat' dir='ltr'>Quaeritur</span> <span class='ocrx_word' id='word_1_25' title='bbox 571 970 654 1057; x_wconf 91' lang='lat' dir='ltr'>iam,</span> <span class='ocrx_word' id='word_1_26' title='bbox 698 971 745 1043; x_wconf 92' lang='lat' dir='ltr'>ad</span> <span class='ocrx_word' id='word_1_27' title='bbox 783 971 971 1065; x_wconf 82' lang='lat' dir='ltr'>quodnam</span> <span class='ocrx_word' id='word_1_28' title='bbox 1010 971 1200 1044; x_wconf 93' lang='lat' dir='ltr'>numinum</span> <span class='ocrx_word' id='word_1_29' title='bbox 1241 998 1360 1070; x_wconf 85' lang='lat' dir='ltr'>genus</span> 
     </span>
     <span class='ocr_line' id='line_1_6' title="bbox 187 1095 1359 1192; baseline 0.001 -24"><span class='ocrx_word' id='word_1_30' title='bbox 187 1095 390 1192; x_wconf 90' lang='lat' dir='ltr'>pertineant</span> <span class='ocrx_word' id='word_1_31' title='bbox 435 1120 563 1168; x_wconf 90' lang='lat' dir='ltr'>omnes</span> <span class='ocrx_word' id='word_1_32' title='bbox 606 1095 654 1167; x_wconf 89' lang='lat' dir='ltr'>illi</span> <span class='ocrx_word' id='word_1_33' title='bbox 701 1095 770 1181; x_wconf 90' lang='lat' dir='ltr'>dei,</span> <span class='ocrx_word' id='word_1_34' title='bbox 817 1096 950 1191; x_wconf 91' lang='lat' dir='ltr'>quibus</span> <span class='ocrx_word' id='word_1_35' title='bbox 979 1109 1121 1169; x_wconf 90' lang='lat' dir='ltr'>montes</span> <span class='ocrx_word' id='word_1_36' title='bbox 1158 1098 1359 1171; x_wconf 89' lang='lat' dir='ltr'>consecrati</span> 
     </span>
     <span class='ocr_line' id='line_1_7' title="bbox 188 1219 1359 1318; baseline 0.003 -26"><span class='ocrx_word' id='word_1_37' title='bbox 188 1219 328 1293; x_wconf 80' lang='lat' dir='ltr'>fuerint.</span> <span class='ocrx_word' id='word_1_38' title='bbox 371 1223 431 1292; x_wconf 92' lang='lat' dir='ltr'>De</span> <span class='ocrx_word' id='word_1_39' title='bbox 472 1246 548 1315; x_wconf 92' lang='lat' dir='ltr'>qua</span> <span class='ocrx_word' id='word_1_40' title='bbox 588 1246 635 1306; x_wconf 90' lang='lat' dir='ltr'>re,</span> <span class='ocrx_word' id='word_1_41' title='bbox 676 1234 716 1293; x_wconf 91' lang='lat' dir='ltr'>ut</span> <span class='ocrx_word' id='word_1_42' title='bbox 758 1221 866 1316; x_wconf 89' lang='lat' dir='ltr'>plane</span> <span class='ocrx_word' id='word_1_43' title='bbox 908 1234 944 1293; x_wconf 90' lang='lat' dir='ltr'>et</span> <span class='ocrx_word' id='word_1_44' title='bbox 972 1220 1139 1293; x_wconf 88' lang='lat' dir='ltr'>distincte</span> <span class='ocrx_word' id='word_1_45' title='bbox 1164 1221 1359 1318; x_wconf 88' lang='lat' dir='ltr'>proferam,</span> 
     </span>
     <span class='ocr_line' id='line_1_8' title="bbox 187 1345 1360 1441; baseline 0.002 -23"><span class='ocrx_word' id='word_1_46' title='bbox 187 1371 282 1440; x_wconf 91' lang='lat' dir='ltr'>quae</span> <span class='ocrx_word' id='word_1_47' title='bbox 322 1345 448 1431; x_wconf 91' lang='lat' dir='ltr'>senti0,</span> <span class='ocrx_word' id='word_1_48' title='bbox 489 1370 583 1441; x_wconf 93' lang='lat' dir='ltr'>opus</span> <span class='ocrx_word' id='word_1_49' title='bbox 624 1345 691 1418; x_wconf 91' lang='lat' dir='ltr'>erit</span> <span class='ocrx_word' id='word_1_50' title='bbox 731 1346 858 1441; x_wconf 83' lang='lat' dir='ltr'>paucis</span> <span class='ocrx_word' id='word_1_51' title='bbox 909 1345 1027 1419; x_wconf 92' lang='lat' dir='ltr'>verbis</span> <span class='ocrx_word' id='word_1_52' title='bbox 1060 1346 1282 1419; x_wconf 84' lang='lat' dir='ltr'><strong>mentionem</strong></span> <span class='ocrx_word' id='word_1_53' title='bbox 1312 1348 1360 1421; x_wconf 80' lang='lat' dir='ltr'>Ia-</span> 
     </span>
     <span class='ocr_line' id='line_1_9' title="bbox 188 1470 1359 1565; baseline 0.003 -23"><span class='ocrx_word' id='word_1_54' title='bbox 188 1495 270 1543; x_wconf 88' lang='lat' dir='ltr'>cere</span> <span class='ocrx_word' id='word_1_55' title='bbox 310 1470 501 1543; x_wconf 89' lang='lat' dir='ltr'>cuiusdam</span> <span class='ocrx_word' id='word_1_56' title='bbox 540 1470 718 1542; x_wconf 88' lang='lat' dir='ltr'>montium</span> <span class='ocrx_word' id='word_1_57' title='bbox 751 1470 1001 1557; x_wconf 87' lang='lat' dir='ltr'>venerationis,</span> <span class='ocrx_word' id='word_1_58' title='bbox 1030 1497 1125 1565; x_wconf 86' lang='lat' dir='ltr'>quae</span> <span class='ocrx_word' id='word_1_59' title='bbox 1152 1471 1359 1546; x_wconf 80' lang='lat' dir='ltr'>etiamnunc</span> 
     </span>
     <span class='ocr_line' id='line_1_10' title="bbox 188 1595 1361 1691; baseline 0.003 -24"><span class='ocrx_word' id='word_1_60' title='bbox 188 1595 286 1690; x_wconf 93' lang='lat' dir='ltr'>apud</span> <span class='ocrx_word' id='word_1_61' title='bbox 340 1595 463 1690; x_wconf 89' lang='lat' dir='ltr'>plures</span> <span class='ocrx_word' id='word_1_62' title='bbox 522 1596 680 1691; x_wconf 92' lang='lat' dir='ltr'>populos</span> <span class='ocrx_word' id='word_1_63' title='bbox 739 1596 894 1668; x_wconf 89' lang='lat' dir='ltr'>incultos</span> <span class='ocrx_word' id='word_1_64' title='bbox 950 1609 1074 1668; x_wconf 85' lang='lat' dir='ltr'>exstat.</span> <span class='ocrx_word' id='word_1_65' title='bbox 1130 1598 1169 1668; x_wconf 91' lang='lat' dir='ltr'>In</span> <span class='ocrx_word' id='word_1_66' title='bbox 1218 1597 1361 1671; x_wconf 88' lang='lat' dir='ltr'>Siberia</span> 
     </span>
     <span class='ocr_line' id='line_1_11' title="bbox 188 1720 1360 1818; baseline 0.004 -27"><span class='ocrx_word' id='word_1_67' title='bbox 188 1720 283 1792; x_wconf 91' lang='lat' dir='ltr'>enim</span> <span class='ocrx_word' id='word_1_68' title='bbox 312 1734 348 1791; x_wconf 91' lang='lat' dir='ltr'>et</span> <span class='ocrx_word' id='word_1_69' title='bbox 374 1720 548 1792; x_wconf 86' lang='lat' dir='ltr'>America</span> <span class='ocrx_word' id='word_1_70' title='bbox 575 1734 611 1792; x_wconf 93' lang='lat' dir='ltr'>et</span> <span class='ocrx_word' id='word_1_71' title='bbox 637 1720 765 1793; x_wconf 84' lang='lat' dir='ltr'>Africa</span> <span class='ocrx_word' id='word_1_72' title='bbox 791 1735 919 1817; x_wconf 82' lang='lat' dir='ltr'>gentes</span> <span class='ocrx_word' id='word_1_73' title='bbox 947 1721 1073 1793; x_wconf 90' lang='lat' dir='ltr'>vivunt</span> <span class='ocrx_word' id='word_1_74' title='bbox 1096 1722 1196 1794; x_wconf 90' lang='lat' dir='ltr'>haud</span> <span class='ocrx_word' id='word_1_75' title='bbox 1210 1748 1360 1818; x_wconf 80' lang='lat' dir='ltr'>paucae,</span> 
     </span>
     <span class='ocr_line' id='line_1_12' title="bbox 141 1845 1360 1942; baseline 0.001 -25"><span class='ocrx_word' id='word_1_76' title='bbox 141 1850 143 1853; x_wconf 76' lang='grc'>’</span> <span class='ocrx_word' id='word_1_77' title='bbox 188 1870 283 1939; x_wconf 89' lang='lat' dir='ltr'>quae</span> <span class='ocrx_word' id='word_1_78' title='bbox 311 1845 496 1918; x_wconf 90' lang='lat' dir='ltr'>montibus</span> <span class='ocrx_word' id='word_1_79' title='bbox 523 1845 598 1917; x_wconf 92' lang='lat' dir='ltr'>suis</span> <span class='ocrx_word' id='word_1_80' title='bbox 626 1847 784 1918; x_wconf 84' lang='lat' dir='ltr'>honores</span> <span class='ocrx_word' id='word_1_81' title='bbox 812 1846 976 1918; x_wconf 90' lang='lat' dir='ltr'>tribuunt</span> <span class='ocrx_word' id='word_1_82' title='bbox 995 1846 1147 1932; x_wconf 90' lang='lat' dir='ltr'>divinos,</span> <span class='ocrx_word' id='word_1_83' title='bbox 1167 1872 1240 1919; x_wconf 92' lang='lat' dir='ltr'>non</span> <span class='ocrx_word' id='word_1_84' title='bbox 1256 1848 1360 1942; x_wconf 87' lang='lat' dir='ltr'>quasi</span> 
     </span>
     <span class='ocr_line' id='line_1_13' title="bbox 188 1969 1360 2069; baseline 0.003 -27"><span class='ocrx_word' id='word_1_85' title='bbox 188 1983 317 2066; x_wconf 92' lang='lat' dir='ltr'>putent</span> <span class='ocrx_word' id='word_1_86' title='bbox 366 1971 457 2043; x_wconf 94' lang='lat' dir='ltr'>deos</span> <span class='ocrx_word' id='word_1_87' title='bbox 508 1969 557 2042; x_wconf 93' lang='lat' dir='ltr'>ibi</span> <span class='ocrx_word' id='word_1_88' title='bbox 599 1970 734 2044; x_wconf 87' lang='lat' dir='ltr'>morari</span> <span class='ocrx_word' id='word_1_89' title='bbox 775 1972 901 2057; x_wconf 90' lang='lat' dir='ltr'>solere,</span> <span class='ocrx_word' id='word_1_90' title='bbox 942 1972 1007 2044; x_wconf 93' lang='lat' dir='ltr'>sed</span> <span class='ocrx_word' id='word_1_91' title='bbox 1044 1972 1218 2065; x_wconf 85' lang='lat' dir='ltr'>quoniam</span> <span class='ocrx_word' id='word_1_92' title='bbox 1261 1972 1360 2069; x_wconf 91' lang='lat' dir='ltr'>ipsos</span> 
     </span>
     <span class='ocr_line' id='line_1_14' title="bbox 190 2091 1361 2192; baseline 0.003 -26"><span class='ocrx_word' id='word_1_93' title='bbox 190 2109 331 2168; x_wconf 88' lang='lat' dir='ltr'>montes</span> <span class='ocrx_word' id='word_1_94' title='bbox 359 2095 449 2167; x_wconf 91' lang='lat' dir='ltr'>deos</span> <span class='ocrx_word' id='word_1_95' title='bbox 476 2096 620 2167; x_wconf 89' lang='lat' dir='ltr'>habent.</span> <span class='ocrx_word' id='word_1_96' title='bbox 634 2091 659 2192; x_wconf 76' lang='grc'>1)</span> <span class='ocrx_word' id='word_1_97' title='bbox 689 2097 774 2167; x_wconf 94' lang='lat' dir='ltr'>Hoc</span> <span class='ocrx_word' id='word_1_98' title='bbox 803 2096 899 2168; x_wconf 90' lang='lat' dir='ltr'>enim</span> <span class='ocrx_word' id='word_1_99' title='bbox 927 2121 1045 2191; x_wconf 86' lang='lat' dir='ltr'>genus</span> <span class='ocrx_word' id='word_1_100' title='bbox 1061 2111 1203 2170; x_wconf 90' lang='lat' dir='ltr'>montes</span> <span class='ocrx_word' id='word_1_101' title='bbox 1217 2097 1361 2170; x_wconf 89' lang='lat' dir='ltr'>colendi</span> 
     </span>
     <span class='ocr_line' id='line_1_15' title="bbox 189 2219 1361 2315; baseline 0.003 -24"><span class='ocrx_word' id='word_1_102' title='bbox 189 2222 236 2292; x_wconf 94' lang='lat' dir='ltr'>ab</span> <span class='ocrx_word' id='word_1_103' title='bbox 269 2219 329 2292; x_wconf 83' lang='lat' dir='ltr'>ilio</span> <span class='ocrx_word' id='word_1_104' title='bbox 364 2222 457 2292; x_wconf 94' lang='lat' dir='ltr'>bene</span> <span class='ocrx_word' id='word_1_105' title='bbox 499 2219 797 2315; x_wconf 83' lang='lat' dir='ltr'>distinguendum</span> <span class='ocrx_word' id='word_1_106' title='bbox 835 2246 915 2293; x_wconf 93' lang='lat' dir='ltr'>esse</span> <span class='ocrx_word' id='word_1_107' title='bbox 944 2222 999 2292; x_wconf 90' lang='lat' dir='ltr'>Fr.</span> <span class='ocrx_word' id='word_1_108' title='bbox 1028 2221 1199 2294; x_wconf 86' lang='lat' dir='ltr'>Schultze</span> <span class='ocrx_word' id='word_1_109' title='bbox 1235 2222 1270 2293; x_wconf 86' lang='lat' dir='ltr'>in</span> <span class='ocrx_word' id='word_1_110' title='bbox 1300 2248 1361 2294; x_wconf 93' lang='lat' dir='ltr'>no-</span> 
     </span>
     <span class='ocr_line' id='line_1_16' title="bbox 188 2342 1361 2441; baseline 0.003 -26"><span class='ocrx_word' id='word_1_111' title='bbox 188 2342 328 2417; x_wconf 90' lang='lat' dir='ltr'>tissimo</span> <span class='ocrx_word' id='word_1_112' title='bbox 371 2343 431 2416; x_wconf 90' lang='lat' dir='ltr'>illo</span> <span class='ocrx_word' id='word_1_113' title='bbox 474 2344 577 2430; x_wconf 90' lang='lat' dir='ltr'>libro,</span> <span class='ocrx_word' id='word_1_114' title='bbox 605 2345 668 2439; x_wconf 92' lang='lat' dir='ltr'>qui</span> <span class='ocrx_word' id='word_1_115' title='bbox 696 2345 743 2417; x_wconf 92' lang='lat' dir='ltr'>de</span> <span class='ocrx_word' id='word_1_116' title='bbox 770 2345 1088 2441; x_wconf 85' lang='lat' dir='ltr'>superstitionibus</span> <span class='ocrx_word' id='word_1_117' title='bbox 1117 2372 1139 2418; x_wconf 93' lang='lat' dir='ltr'>a</span> <span class='ocrx_word' id='word_1_118' title='bbox 1166 2345 1361 2420; x_wconf 80' lang='lat' dir='ltr'>fetissismo</span> 
     </span>
     <span class='ocr_line' id='line_1_17' title="bbox 189 2468 1360 2565; baseline 0.003 -24"><span class='ocrx_word' id='word_1_119' title='bbox 189 2469 432 2563; x_wconf 89' lang='lat' dir='ltr'>pendentibus</span> <span class='ocrx_word' id='word_1_120' title='bbox 470 2468 554 2564; x_wconf 83' lang='lat' dir='ltr'>agit,</span> <span class='ocrx_word' id='word_1_121' title='bbox 592 2469 724 2565; x_wconf 91' lang='lat' dir='ltr'>apertis</span> <span class='ocrx_word' id='word_1_122' title='bbox 761 2469 881 2543; x_wconf 93' lang='lat' dir='ltr'>verbis</span> <span class='ocrx_word' id='word_1_123' title='bbox 920 2470 1070 2543; x_wconf 89' lang='lat' dir='ltr'>monuit.</span> <span class='ocrx_word' id='word_1_124' title='bbox 1084 2468 1110 2565; x_wconf 74' lang='lat'>²)</span> <span class='ocrx_word' id='word_1_125' title='bbox 1152 2472 1286 2544; x_wconf 89' lang='lat' dir='ltr'>«Wohl</span> <span class='ocrx_word' id='word_1_126' title='bbox 1315 2498 1360 2545; x_wconf 87' lang='lat' dir='ltr'>zu</span> 
     </span>
     <span class='ocr_line' id='line_1_18' title="bbox 189 2593 1362 2692; baseline 0.004 -28"><span class='ocrx_word' id='word_1_127' title='bbox 189 2593 466 2666; x_wconf 90' lang='lat' dir='ltr'>unterscheiden</span> <span class='ocrx_word' id='word_1_128' title='bbox 509 2593 554 2666; x_wconf 93' lang='lat' dir='ltr'>ist</span> <span class='ocrx_word' id='word_1_129' title='bbox 594 2619 666 2667; x_wconf 92' lang='lat' dir='ltr'>von</span> <span class='ocrx_word' id='word_1_130' title='bbox 709 2595 793 2666; x_wconf 93' lang='lat' dir='ltr'>dem</span> <span class='ocrx_word' id='word_1_131' title='bbox 836 2594 1149 2690; x_wconf 81' lang='lat' dir='ltr'>fetischm&#39;assigen</span> <span class='ocrx_word' id='word_1_132' title='bbox 1189 2597 1362 2692; x_wconf 84' lang='lat' dir='ltr'>Bergcult</span> 
     </span>
     <span class='ocr_line' id='line_1_19' title="bbox 188 2718 1358 2816; baseline 0.003 -26"><span class='ocrx_word' id='word_1_133' title='bbox 188 2718 248 2791; x_wconf 88' lang='lat' dir='ltr'>die</span> <span class='ocrx_word' id='word_1_134' title='bbox 285 2719 504 2815; x_wconf 85' lang='lat' dir='ltr'>Verehrung</span> <span class='ocrx_word' id='word_1_135' title='bbox 539 2719 682 2792; x_wconf 89' lang='lat' dir='ltr'>solcher</span> <span class='ocrx_word' id='word_1_136' title='bbox 720 2721 847 2815; x_wconf 84' lang='lat' dir='ltr'>Berge,</span> <span class='ocrx_word' id='word_1_137' title='bbox 885 2719 948 2792; x_wconf 81' lang='lat' dir='ltr'>auf</span> <span class='ocrx_word' id='word_1_138' title='bbox 985 2720 1102 2792; x_wconf 84' lang='lat' dir='ltr'>denen</span> <span class='ocrx_word' id='word_1_139' title='bbox 1142 2720 1272 2816; x_wconf 84' lang='lat' dir='ltr'>irgend</span> <span class='ocrx_word' id='word_1_140' title='bbox 1301 2721 1358 2794; x_wconf 92' lang='lat' dir='ltr'>ein</span> 
     </span>
     <span class='ocr_line' id='line_1_20' title="bbox 188 2843 1359 2919; baseline 0.003 -4"><span class='ocrx_word' id='word_1_141' title='bbox 188 2843 413 2916; x_wconf 91' lang='lat' dir='ltr'>bestimmter</span> <span class='ocrx_word' id='word_1_142' title='bbox 441 2844 568 2918; x_wconf 88' lang='lat' dir='ltr'>Cultus</span> <span class='ocrx_word' id='word_1_143' title='bbox 596 2845 687 2917; x_wconf 91' lang='lat' dir='ltr'>oder</span> <span class='ocrx_word' id='word_1_144' title='bbox 714 2845 794 2917; x_wconf 91' lang='lat' dir='ltr'>eine</span> <span class='ocrx_word' id='word_1_145' title='bbox 823 2844 988 2918; x_wconf 88' lang='lat' dir='ltr'>Gottheit</span> <span class='ocrx_word' id='word_1_146' title='bbox 1016 2844 1117 2917; x_wconf 92' lang='lat' dir='ltr'>ihren</span> <span class='ocrx_word' id='word_1_147' title='bbox 1147 2845 1222 2918; x_wconf 82' lang='lat' dir='ltr'>Sitz</span> <span class='ocrx_word' id='word_1_148' title='bbox 1251 2847 1359 2919; x_wconf 90' lang='lat' dir='ltr'>hatte.</span> 
     </span>
     <span class='ocr_line' id='line_1_21' title="bbox 183 2967 1362 3065; baseline 0.003 -25"><span class='ocrx_word' id='word_1_149' title='bbox 183 2970 251 3040; x_wconf 91' lang='lat' dir='ltr'>Da</span> <span class='ocrx_word' id='word_1_150' title='bbox 290 2967 379 3041; x_wconf 90' lang='lat' dir='ltr'>wird</span> <span class='ocrx_word' id='word_1_151' title='bbox 421 2970 518 3041; x_wconf 93' lang='lat' dir='ltr'>dann</span> <span class='ocrx_word' id='word_1_152' title='bbox 560 2969 658 3040; x_wconf 93' lang='lat' dir='ltr'>nicht</span> <span class='ocrx_word' id='word_1_153' title='bbox 699 2969 766 3041; x_wconf 92' lang='lat' dir='ltr'>der</span> <span class='ocrx_word' id='word_1_154' title='bbox 807 2971 905 3065; x_wconf 86' lang='lat' dir='ltr'>Berg</span> <span class='ocrx_word' id='word_1_155' title='bbox 942 2969 994 3041; x_wconf 93' lang='lat' dir='ltr'>als</span> <span class='ocrx_word' id='word_1_156' title='bbox 1027 2969 1126 3042; x_wconf 92' lang='lat' dir='ltr'>diese</span> <span class='ocrx_word' id='word_1_157' title='bbox 1154 2970 1362 3044; x_wconf 88' lang='lat' dir='ltr'>tellurische</span> 
     </span>
     <span class='ocr_line' id='line_1_22' title="bbox 191 3093 1361 3179; baseline 0.003 -14"><span class='ocrx_word' id='word_1_158' title='bbox 191 3095 322 3179; x_wconf 88' lang='lat' dir='ltr'>Masse,</span> <span class='ocrx_word' id='word_1_159' title='bbox 358 3095 516 3166; x_wconf 91' lang='lat' dir='ltr'>sondem</span> <span class='ocrx_word' id='word_1_160' title='bbox 557 3093 617 3166; x_wconf 88' lang='lat' dir='ltr'>die</span> <span class='ocrx_word' id='word_1_161' title='bbox 654 3094 818 3168; x_wconf 87' lang='lat' dir='ltr'>Gottheit</span> <span class='ocrx_word' id='word_1_162' title='bbox 853 3095 1028 3167; x_wconf 78' lang='lat' dir='ltr'>verehrt.»</span> <span class='ocrx_word' id='word_1_163' title='bbox 1060 3096 1233 3167; x_wconf 82' lang='lat' dir='ltr'>Attamen</span> <span class='ocrx_word' id='word_1_164' title='bbox 1261 3096 1361 3169; x_wconf 91' lang='lat' dir='ltr'>haud</span> 
     </span>
    </p>
   </div>
   <div class='ocr_carea' id='block_1_3' title="bbox 190 3271 1363 4048">
    <p class='ocr_par' dir='ltr' id='par_1_3' title="bbox 190 3271 1363 3425">
     <span class='ocr_line' id='line_1_23' title="bbox 228 3271 1363 3337; baseline 0.002 -19"><span class='ocrx_word' id='word_1_165' title='bbox 228 3273 250 3332; x_wconf 87' lang='lat'>1)</span> <span class='ocrx_word' id='word_1_166' title='bbox 270 3271 309 3320; x_wconf 85' lang='lat' dir='ltr'>Cf.</span> <span class='ocrx_word' id='word_1_167' title='bbox 337 3272 379 3318; x_wconf 90' lang='lat' dir='ltr'>Fr.</span> <span class='ocrx_word' id='word_1_168' title='bbox 408 3271 531 3328; x_wconf 88' lang='lat' dir='ltr'>Schultze,</span> <span class='ocrx_word' id='word_1_169' title='bbox 561 3273 614 3320; x_wconf 89' lang='lat' dir='ltr'>Der</span> <span class='ocrx_word' id='word_1_170' title='bbox 638 3272 817 3321; x_wconf 88' lang='lat' dir='ltr'>Fetischismus</span> <span class='ocrx_word' id='word_1_171' title='bbox 847 3272 894 3320; x_wconf 90' lang='grc'>180</span> <span class='ocrx_word' id='word_1_172' title='bbox 913 3288 968 3335; x_wconf 89' lang='lat' dir='ltr'>sqq.</span> <span class='ocrx_word' id='word_1_173' title='bbox 984 3273 1009 3336; x_wconf 88' lang='lat' dir='ltr'>J.</span> <span class='ocrx_word' id='word_1_174' title='bbox 1029 3273 1161 3330; x_wconf 86' lang='lat' dir='ltr'>Lubbock,</span> <span class='ocrx_word' id='word_1_175' title='bbox 1180 3273 1236 3322; x_wconf 84' lang='lat' dir='ltr'>The</span> <span class='ocrx_word' id='word_1_176' title='bbox 1255 3275 1316 3337; x_wconf 83' lang='lat' dir='ltr'>orig.</span> <span class='ocrx_word' id='word_1_177' title='bbox 1336 3274 1363 3320; x_wconf 85' lang='lat' dir='ltr'>of</span> 
     </span>
     <span class='ocr_line' id='line_1_24' title="bbox 190 3359 803 3425; baseline 0.003 -17"><span class='ocrx_word' id='word_1_178' title='bbox 190 3361 235 3408; x_wconf 76' lang='lat' dir='ltr'>eiu.</span> <span class='ocrx_word' id='word_1_179' title='bbox 255 3360 307 3408; x_wconf 89' lang='lat' dir='ltr'>and</span> <span class='ocrx_word' id='word_1_180' title='bbox 326 3359 368 3408; x_wconf 86' lang='lat' dir='ltr'>the</span> <span class='ocrx_word' id='word_1_181' title='bbox 387 3362 459 3424; x_wconf 90' lang='lat' dir='ltr'>prim.</span> <span class='ocrx_word' id='word_1_182' title='bbox 479 3361 553 3410; x_wconf 90' lang='lat' dir='ltr'>cond.</span> <span class='ocrx_word' id='word_1_183' title='bbox 572 3361 602 3408; x_wconf 84' lang='lat' dir='ltr'>os</span> <span class='ocrx_word' id='word_1_184' title='bbox 617 3378 676 3410; x_wconf 90' lang='lat' dir='ltr'>man</span> <span class='ocrx_word' id='word_1_185' title='bbox 697 3374 745 3424; x_wconf 86' lang='lat'>293</span> <span class='ocrx_word' id='word_1_186' title='bbox 766 3378 803 3425; x_wconf 92' lang='lat' dir='ltr'>sq.</span> 
     </span>
    </p>

    <p class='ocr_par' dir='ltr' id='par_1_4' title="bbox 191 3449 1362 4048">
     <span class='ocr_line' id='line_1_25' title="bbox 225 3449 1361 3514; baseline 0.004 -18"><span class='ocrx_word' id='word_1_187' title='bbox 225 3449 297 3497; x_wconf 86' lang='lat' dir='ltr'>Idem</span> <span class='ocrx_word' id='word_1_188' title='bbox 324 3450 356 3496; x_wconf 89' lang='lat' dir='ltr'>de</span> <span class='ocrx_word' id='word_1_189' title='bbox 381 3450 582 3514; x_wconf 83' lang='lat' dir='ltr'>Cappadocibus,</span> <span class='ocrx_word' id='word_1_190' title='bbox 611 3451 654 3513; x_wconf 93' lang='lat' dir='ltr'>qui</span> <span class='ocrx_word' id='word_1_191' title='bbox 682 3459 794 3498; x_wconf 87' lang='lat' dir='ltr'>montem</span> <span class='ocrx_word' id='word_1_192' title='bbox 824 3467 895 3499; x_wconf 93' lang='lat' dir='ltr'>suum</span> <span class='ocrx_word' id='word_1_193' title='bbox 924 3452 1051 3512; x_wconf 80' lang='lat' dir='ltr'>Argaeum</span> <span class='ocrx_word' id='word_1_194' title='bbox 1077 3466 1123 3514; x_wconf 89' lang='lat' dir='ltr'>pro</span> <span class='ocrx_word' id='word_1_195' title='bbox 1152 3451 1200 3498; x_wconf 88' lang='lat' dir='ltr'>deo</span> <span class='ocrx_word' id='word_1_196' title='bbox 1228 3450 1361 3509; x_wconf 86' lang='lat' dir='ltr'>habebant,</span> 
     </span>
     <span class='ocr_line' id='line_1_26' title="bbox 191 3538 1362 3612; baseline 0.008 -27"><span class='ocrx_word' id='word_1_197' title='bbox 191 3538 315 3585; x_wconf 86' lang='lat' dir='ltr'>Maximus</span> <span class='ocrx_word' id='word_1_198' title='bbox 344 3538 435 3601; x_wconf 86' lang='lat' dir='ltr'>Tyrius</span> <span class='ocrx_word' id='word_1_199' title='bbox 463 3541 620 3588; x_wconf 84' lang='lat' dir='ltr'>asseveravit.</span> <span class='ocrx_word' id='word_1_200' title='bbox 649 3541 755 3589; x_wconf 84' lang='lat' dir='ltr'>Dissert.</span> <span class='ocrx_word' id='word_1_201' title='bbox 785 3540 852 3587; x_wconf 92' lang='lat' dir='ltr'>VIII</span> <span class='ocrx_word' id='word_1_202' title='bbox 880 3541 967 3612; x_wconf 71' lang='grc' dir='ltr'><em>Ὅρος</em></span> <span class='ocrx_word' id='word_1_203' title='bbox 996 3538 1195 3600; x_wconf 73' lang='grc' dir='ltr'><strong><em>καπηαδόκαις</em></strong></span> <span class='ocrx_word' id='word_1_204' title='bbox 1220 3543 1267 3592; x_wconf 86' lang='grc' dir='ltr'>καὶ</span> <span class='ocrx_word' id='word_1_205' title='bbox 1290 3540 1362 3602; x_wconf 76' lang='grc' dir='ltr'><em>θεὸς</em></span> 
     </span>
     <span class='ocr_line' id='line_1_27' title="bbox 192 3626 1362 3703; baseline -0.003 -24"><span class='ocrx_word' id='word_1_206' title='bbox 192 3628 239 3680; x_wconf 81' lang='grc' dir='ltr'>καὶ</span> <span class='ocrx_word' id='word_1_207' title='bbox 263 3626 346 3700; x_wconf 83' lang='grc' dir='ltr'><strong><em>ὅρκος</em></strong></span> <span class='ocrx_word' id='word_1_208' title='bbox 368 3632 415 3680; x_wconf 73' lang='grc' dir='ltr'>καὶ</span> <span class='ocrx_word' id='word_1_209' title='bbox 439 3628 564 3703; x_wconf 69' lang='grc' dir='ltr'><strong><em>ἄγαλμα.</em></strong></span> <span class='ocrx_word' id='word_1_210' title='bbox 584 3629 719 3677; x_wconf 89' lang='lat' dir='ltr'>Permultis</span> <span class='ocrx_word' id='word_1_211' title='bbox 741 3629 851 3677; x_wconf 90' lang='lat' dir='ltr'>nummis</span> <span class='ocrx_word' id='word_1_212' title='bbox 870 3629 1051 3693; x_wconf 81' lang='lat' dir='ltr'>Cappadociae,</span> <span class='ocrx_word' id='word_1_213' title='bbox 1072 3629 1206 3691; x_wconf 83' lang='lat' dir='ltr'>inquibus</span> <span class='ocrx_word' id='word_1_214' title='bbox 1226 3629 1362 3692; x_wconf 82' lang='lat' dir='ltr'>ipsemons</span> 
     </span>
     <span class='ocr_line' id='line_1_28' title="bbox 191 3713 1362 3784; baseline 0.003 -22"><span class='ocrx_word' id='word_1_215' title='bbox 191 3730 258 3763; x_wconf 86' lang='lat' dir='ltr'>sacer</span> <span class='ocrx_word' id='word_1_216' title='bbox 275 3731 405 3780; x_wconf 84' lang='lat' dir='ltr'>expressus</span> <span class='ocrx_word' id='word_1_217' title='bbox 425 3724 469 3774; x_wconf 89' lang='lat' dir='ltr'>est,</span> <span class='ocrx_word' id='word_1_218' title='bbox 489 3717 555 3764; x_wconf 88' lang='lat' dir='ltr'>idem</span> <span class='ocrx_word' id='word_1_219' title='bbox 574 3718 714 3766; x_wconf 82' lang='lat' dir='ltr'>edocemur.</span> <span class='ocrx_word' id='word_1_220' title='bbox 734 3719 774 3765; x_wconf 89' lang='lat' dir='ltr'>De</span> <span class='ocrx_word' id='word_1_221' title='bbox 793 3734 842 3781; x_wconf 89' lang='lat' dir='ltr'>qua</span> <span class='ocrx_word' id='word_1_222' title='bbox 861 3733 888 3765; x_wconf 90' lang='lat' dir='ltr'>re</span> <span class='ocrx_word' id='word_1_223' title='bbox 897 3719 928 3766; x_wconf 91' lang='lat' dir='ltr'>cs.</span> <span class='ocrx_word' id='word_1_224' title='bbox 940 3717 994 3765; x_wconf 85' lang='lat' dir='ltr'>Cat.</span> <span class='ocrx_word' id='word_1_225' title='bbox 1006 3719 1048 3766; x_wconf 87' lang='lat' dir='ltr'>Br.</span> <span class='ocrx_word' id='word_1_226' title='bbox 1062 3718 1129 3765; x_wconf 92' lang='lat' dir='ltr'>Mus.</span> <span class='ocrx_word' id='word_1_227' title='bbox 1143 3713 1237 3784; x_wconf 83' lang='lat' dir='ltr'>(Galat.</span> <span class='ocrx_word' id='word_1_228' title='bbox 1250 3717 1362 3782; x_wconf 86' lang='lat' dir='ltr'>Cappad.</span> 
     </span>
     <span class='ocr_line' id='line_1_29' title="bbox 191 3803 1362 3869; baseline 0.003 -18"><span class='ocrx_word' id='word_1_229' title='bbox 191 3804 240 3851; x_wconf 87' lang='lat' dir='ltr'>and</span> <span class='ocrx_word' id='word_1_230' title='bbox 259 3803 329 3868; x_wconf 83' lang='lat' dir='ltr'>Syr.)</span> <span class='ocrx_word' id='word_1_231' title='bbox 348 3805 399 3852; x_wconf 90' lang='lat' dir='ltr'>No.</span> <span class='ocrx_word' id='word_1_232' title='bbox 423 3817 444 3863; x_wconf 95' lang='lat'>1,</span> <span class='ocrx_word' id='word_1_233' title='bbox 466 3817 488 3862; x_wconf 90' lang='grc'>2,</span> <span class='ocrx_word' id='word_1_234' title='bbox 512 3818 551 3863; x_wconf 88' lang='grc'>11,</span> <span class='ocrx_word' id='word_1_235' title='bbox 576 3818 614 3867; x_wconf 83' lang='lat'>13,</span> <span class='ocrx_word' id='word_1_236' title='bbox 638 3820 676 3869; x_wconf 90' lang='lat'>14,</span> <span class='ocrx_word' id='word_1_237' title='bbox 700 3805 738 3864; x_wconf 87' lang='lat'>18,</span> <span class='ocrx_word' id='word_1_238' title='bbox 760 3816 801 3866; x_wconf 84' lang='lat'>27,</span> <span class='ocrx_word' id='word_1_239' title='bbox 821 3817 863 3869; x_wconf 81' lang='lat'>35,</span> <span class='ocrx_word' id='word_1_240' title='bbox 883 3819 924 3869; x_wconf 82' lang='lat'>39,</span> <span class='ocrx_word' id='word_1_241' title='bbox 945 3817 987 3869; x_wconf 87' lang='lat'>45,</span> <span class='ocrx_word' id='word_1_242' title='bbox 1008 3806 1049 3864; x_wconf 93' lang='lat'>80,</span> <span class='ocrx_word' id='word_1_243' title='bbox 1073 3806 1362 3868; x_wconf 86' lang='lat'>117,119,122-126,</span> 
     </span>
     <span class='ocr_line' id='line_1_30' title="bbox 195 3892 1361 3958; baseline 0.003 -19"><span class='ocrx_word' id='word_1_244' title='bbox 195 3902 252 3955; x_wconf 86' lang='lat'>147,</span> <span class='ocrx_word' id='word_1_245' title='bbox 275 3896 420 3956; x_wconf 74' lang='lat'>149—156,</span> <span class='ocrx_word' id='word_1_246' title='bbox 444 3892 500 3950; x_wconf 85' lang='lat'>162,</span> <span class='ocrx_word' id='word_1_247' title='bbox 525 3893 669 3958; x_wconf 85' lang='lat'>165-180,</span> <span class='ocrx_word' id='word_1_248' title='bbox 693 3908 748 3957; x_wconf 85' lang='lat'>193,</span> <span class='ocrx_word' id='word_1_249' title='bbox 773 3895 829 3957; x_wconf 89' lang='grc'>198,</span> <span class='ocrx_word' id='word_1_250' title='bbox 852 3908 910 3953; x_wconf 89' lang='grc'>201,</span> <span class='ocrx_word' id='word_1_251' title='bbox 927 3908 984 3958; x_wconf 87' lang='lat'>203,</span> <span class='ocrx_word' id='word_1_252' title='bbox 998 3909 1057 3958; x_wconf 90' lang='lat'>204,</span> <span class='ocrx_word' id='word_1_253' title='bbox 1070 3895 1128 3951; x_wconf 86' lang='lat'>208,</span> <span class='ocrx_word' id='word_1_254' title='bbox 1143 3907 1361 3957; x_wconf 86' lang='lat'>212,217—219,</span> 
     </span>
     <span class='ocr_line' id='line_1_31' title="bbox 193 3983 1362 4048; baseline 0.003 -20"><span class='ocrx_word' id='word_1_255' title='bbox 193 3992 341 4043; x_wconf 81' lang='lat'>223-229,</span> <span class='ocrx_word' id='word_1_256' title='bbox 363 3993 511 4045; x_wconf 80' lang='lat'>232-235,</span> <span class='ocrx_word' id='word_1_257' title='bbox 529 3983 588 4045; x_wconf 86' lang='lat'>238,</span> <span class='ocrx_word' id='word_1_258' title='bbox 607 3996 664 4046; x_wconf 92' lang='lat'>240,</span> <span class='ocrx_word' id='word_1_259' title='bbox 678 3997 736 4046; x_wconf 90' lang='lat'>242,</span> <span class='ocrx_word' id='word_1_260' title='bbox 749 3995 807 4046; x_wconf 90' lang='lat'>247,</span> <span class='ocrx_word' id='word_1_261' title='bbox 820 3995 879 4047; x_wconf 84' lang='lat'>253,</span> <span class='ocrx_word' id='word_1_262' title='bbox 893 3994 1040 4048; x_wconf 84' lang='lat'>255-257,</span> <span class='ocrx_word' id='word_1_263' title='bbox 1054 3984 1202 4045; x_wconf 75' lang='lat' dir='ltr'>abo-293,</span> <span class='ocrx_word' id='word_1_264' title='bbox 1215 3995 1362 4048; x_wconf 81' lang='lat'>295—301,</span> 
     </span>
    </p>
   </div>
   <div class='ocr_carea' id='block_1_4' title="bbox 192 4071 1363 4227">
    <p class='ocr_par' dir='ltr' id='par_1_5' title="bbox 192 4071 1363 4227">
     <span class='ocr_line' id='line_1_32' title="bbox 193 4071 1363 4137; baseline 0.004 -5"><span class='ocrx_word' id='word_1_265' title='bbox 193 4071 252 4132; x_wconf 76' lang='grc'>108,</span> <span class='ocrx_word' id='word_1_266' title='bbox 273 4084 332 4134; x_wconf 72' lang='grc'>110,</span> <span class='ocrx_word' id='word_1_267' title='bbox 353 4084 412 4134; x_wconf 69' lang='grc'>111,</span> <span class='ocrx_word' id='word_1_268' title='bbox 432 4083 492 4135; x_wconf 74' lang='grc'>115,</span> <span class='ocrx_word' id='word_1_269' title='bbox 513 4072 572 4134; x_wconf 68' lang='lat'>326,</span> <span class='ocrx_word' id='word_1_270' title='bbox 593 4085 652 4135; x_wconf 74' lang='lat'>329,</span> <span class='ocrx_word' id='word_1_271' title='bbox 673 4086 732 4136; x_wconf 76' lang='grc'>110,</span> <span class='ocrx_word' id='word_1_272' title='bbox 754 4072 1363 4137; x_wconf 45' lang='grc'>1160191111,1111511110111161698</span> 
     </span>
     <span class='ocr_line' id='line_1_33' title="bbox 192 4158 1052 4227; baseline 0.006 -21"><span class='ocrx_word' id='word_1_273' title='bbox 192 4158 288 4207; x_wconf 89' lang='lat' dir='ltr'>Introd.</span> <span class='ocrx_word' id='word_1_274' title='bbox 308 4176 333 4224; x_wconf 93' lang='lat' dir='ltr'>p.</span> <span class='ocrx_word' id='word_1_275' title='bbox 352 4161 495 4209; x_wconf 86' lang='lat' dir='ltr'>XXXIX.</span> <span class='ocrx_word' id='word_1_276' title='bbox 515 4160 771 4219; x_wconf 88' lang='lat' dir='ltr'>ImhooI-Blumm.,</span> <span class='ocrx_word' id='word_1_277' title='bbox 791 4163 862 4210; x_wconf 92' lang='lat' dir='ltr'>Mon.</span> <span class='ocrx_word' id='word_1_278' title='bbox 883 4165 926 4216; x_wconf 88' lang='lat' dir='ltr'>Gr.</span> <span class='ocrx_word' id='word_1_279' title='bbox 946 4179 970 4227; x_wconf 93' lang='lat' dir='ltr'>p.</span> <span class='ocrx_word' id='word_1_280' title='bbox 992 4175 1052 4226; x_wconf 88' lang='lat'>419.</span> 
     </span>
    </p>
   </div>
   <div class='ocr_carea' id='block_1_5' title="bbox 230 4245 618 4314">
    <p class='ocr_par' dir='ltr' id='par_1_6' title="bbox 230 4245 618 4314">
     <span class='ocr_line' id='line_1_34' title="bbox 230 4245 618 4314; baseline 0.013 -19"><span class='ocrx_word' id='word_1_281' title='bbox 230 4245 256 4314; x_wconf 82' lang='grc'>2)</span> <span class='ocrx_word' id='word_1_282' title='bbox 275 4249 316 4297; x_wconf 89' lang='lat' dir='ltr'>Fr.</span> <span class='ocrx_word' id='word_1_283' title='bbox 336 4248 459 4308; x_wconf 86' lang='lat' dir='ltr'>Schulzte,</span> <span class='ocrx_word' id='word_1_284' title='bbox 479 4250 536 4299; x_wconf 90' lang='lat' dir='ltr'>Fet.</span> <span class='ocrx_word' id='word_1_285' title='bbox 561 4251 618 4301; x_wconf 89' lang='lat'>181.</span> 
     </span>
    </p>
   </div>
   <div class='ocr_carea' id='block_1_6' title="bbox 0 0 1564 4942">
    <p class='ocr_par' dir='ltr' id='par_1_7' title="bbox 0 0 1564 4942">
     <span class='ocr_line' id='line_1_35' title="bbox 0 0 1564 4942; baseline 0 0"><span class='ocrx_word' id='word_1_286' title='bbox 0 0 1564 4942; x_wconf 95' lang='lat' dir='ltr'> </span> 
     </span>
    </p>
   </div>
  </div>
 </body>
</html>
