3106 4942
750 405 800 472 90

188 622 373 693 perpauca
409 610 549 668 tantum
588 596 736 693 cognita
762 598 959 684 habemus;
997 598 1224 694 temporibus
1245 599 1361 671 helle-

189 721 324 794 nisticis
372 736 498 794 contra
540 747 676 818 magno
718 722 753 794 in
795 723 936 795 honore
977 722 1088 797 fuisse
1127 731 1254 810 ΕἭλιον,
1291 732 1359 819 pr'o

190 861 290 919 certo
323 860 465 919 constat
482 843 516 946 1).
545 847 757 920 Cavendum
786 861 908 919 tamen
937 861 999 933 est,
1028 874 1073 921 ne
1100 848 1184 920 hinc
1213 848 1360 944 colliga-

190 997 271 1044 mus
308 971 570 1068 posterioribus
607 973 757 1044 demum
786 971 1015 1068 temporibus
1043 973 1141 1046 hunc
1170 974 1281 1045 deum
1311 975 1359 1045 ad

191 1095 365 1168 maiorem
394 1097 580 1191 quandam
609 1097 860 1170 auctoritatem
889 1098 1105 1193 pervenisse.
1131 1099 1245 1170 Haud
1272 1123 1360 1193 pau-

191 1246 256 1293 cae
297 1221 392 1293 enim
434 1235 518 1295 sunt
549 1222 832 1318 superstitiones
861 1248 956 1316 quae
983 1223 1060 1296 sine
1088 1222 1203 1295 dubio
1231 1222 1360 1318 priscis

190 1347 417 1443 temporibus
445 1346 655 1434 floruerunt,
682 1347 816 1420 deinde
844 1361 964 1420 tamen
979 1374 1045 1444 per
1059 1349 1211 1443 longum
1228 1344 1358 1420 aevum

191 1472 295 1566 quasi
337 1471 532 1545 exstinctae
573 1472 684 1545 fuisse
725 1486 761 1545 et
802 1485 918 1544 aetate
960 1475 1109 1545 demum
1138 1471 1361 1545 hellenistica

191 1623 316 1671 rursus
358 1597 529 1670 revixisse
568 1597 745 1670 videntur.
786 1599 894 1669 Tales
936 1612 1057 1670 autem
1086 1596 1360 1693 superstitiones

191 1725 290 1818 apud
319 1722 463 1818 plebem
493 1748 693 1817 numquam
723 1747 873 1819 prorsus
902 1723 1101 1809 evanuisse,
1129 1725 1196 1796 sed
1223 1723 1360 1796 lentam

190 1847 341 1921 traxisse
381 1847 492 1920 vitam
534 1873 599 1943 per
641 1873 685 1919 ea
716 1849 870 1934 saecula,
909 1848 1042 1942 quibus
1070 1849 1224 1921 deorum
1253 1847 1362 1920 subli-

192 1973 349 2046 miorum
395 1973 628 2045 veneratione
674 1973 973 2069 opprimerentur,
1015 1973 1091 2045 veri
1133 1986 1187 2046 est
1228 1972 1361 2045 similli-

193 2123 303 2170 mum.
344 2100 436 2172 Cum
479 2098 589 2194 igitur
629 2098 761 2170 horum
790 2101 942 2170 deorum
973 2097 1169 2171 auctoritas
1196 2113 1362 2198 tempore

191 2223 414 2297 hellenistico
453 2223 571 2320 magis
613 2223 805 2320 magisque
841 2223 1125 2309 imminueretur,
1165 2222 1275 2319 prisci
1312 2220 1362 2294 illi

193 2348 311 2421 cultus
351 2350 473 2420 denuo
515 2349 550 2420 in
593 2348 782 2421 clariorem
824 2350 943 2420 lucem
985 2347 1134 2443 prodire
1165 2344 1363 2443 potuerunt

192 2486 228 2545 et
264 2498 302 2545 re
338 2499 424 2545 vera
460 2474 674 2569 prodierunt
691 2471 725 2572 2).
763 2474 904 2545 Eadem
942 2472 1081 2545 ratione
1118 2472 1253 2544 factum
1283 2496 1363 2544 esse

193 2597 369 2684 existimo
410 2613 450 2670 ut
487 2604 600 2680 Ἥλιος
633 2625 781 2694 quoque
809 2597 1069 2692 antiquissimis
1097 2597 1245 2692 quidem
1275 2610 1363 2669 tem-

192 2722 343 2819 poribus
385 2749 450 2819 per
491 2737 604 2796 totam
648 2723 842 2797 Graeciam
889 2722 1111 2795 venerationi
1154 2735 1256 2807 esset,
1297 2721 1363 2794 sed

232 3093 255 3155 ι)
275 3092 316 3141 Cf.
335 3092 371 3142 H.
390 3091 497 3153 Usener,
517 3091 631 3140 Gottern.
651 3102 712 3153 341.
730 3091 761 3140 F.
781 3090 812 3139 G.
834 3088 961 3147 Welcker,
980 3089 1023 3137 Gr.
1043 3088 1148 3138 Gdtterl.
1166 3089 1179 3135 l
1200 3099 1260 3150 413.

231 3186 254 3242 2>
274 3181 383 3244 Cognitu
402 3181 546 3243 dignissima
565 3188 630 3236 sunt,
650 3195 714 3243 quae
732 3178 780 3228 hac
798 3180 830 3227 de
848 3179 980 3227 remonuit
993 3179 1030 3225 vir
1042 3179 1130 3226 doctus
1143 3177 1177 3226 D.
1189 3177 1218 3227 C.
1229 3175 1364 3239 Hesseling

193 3272 218 3318 in
244 3270 314 3327 libro,
338 3271 381 3334 qui
406 3270 547 3318 inscribitur
567 3267 688 3326 „Charos,
706 3269 745 3316 ein
765 3268 864 3331 Beitrag
881 3284 924 3315 zur
942 3268 1084 3315 Kenntniss
1102 3267 1147 3315 des
1167 3281 1251 3329 neugr.
1271 3263 1364 3313 Volks·

193 3360 328 3423 glaubens''
344 3376 370 3423 p.
383 3375 413 3422 4:
444 3360 485 3421 „in
504 3360 548 3407 der
567 3358 724 3423 Mythologie
743 3357 789 3406 soll
807 3373 866 3405 man
884 3355 1024 3419 uberhaupt
1042 3356 1089 3404 mit
1108 3355 1222 3404 Glauben
1241 3354 1292 3402 und
1310 3354 1364 3402 Un-

193 3450 298 3512 glauben
316 3449 372 3497 sehr
390 3447 525 3510 vorsichtig
540 3449 592 3496 sein
612 3448 663 3495 und
682 3447 758 3496 vieles
776 3462 828 3496 was
848 3447 873 3493 in
892 3446 936 3494 der
954 3447 1078 3494 Literatur
1093 3444 1162 3493 nicht
1176 3442 1364 3493 nachzuweisen

194 3539 225 3586 ist
243 3538 311 3586 kann
329 3539 369 3586 dic
384 3536 568 3601 Jahrhunderte
586 3536 709 3585 hindurch
728 3538 761 3584 im
781 3535 974 3598 Volksglauben
992 3534 1075 3598 gelebt
1094 3533 1203 3583 haben.”

230 3631 255 3689 3)
280 3626 319 3677 Cf.
338 3628 369 3676 F.
388 3627 419 3675 G.
439 3625 566 3683 Welcker‚
588 3627 630 3674 Gr.
650 3625 755 3674 thterl.
774 3626 787 3672 Ι
806 3637 872 3688 413:
894 3640 954 3687 „vor
972 3625 1029 3672 dem
1049 3622 1236 3671 Christenthum
1253 3622 1315 3670 tiber
1325 3620 1365 3669 ein

191 3715 359 3780 Jahrtausend
382 3715 473 3764 zurttch
495 3713 563 3763 hatte
582 3714 633 3763 sich
653 3715 694 3763 die
713 3714 834 3777 Religion
853 3730 882 3762 so
901 3713 1016 3776 gestaltet
1037 3713 1095 3761 dass
1115 3712 1153 3759 ihr
1173 3711 1304 3774 eigentlich
1324 3711 1366 3760 die

194 3806 424 3867 Sonnenanbetung
442 3804 511 3853 nicht
530 3804 599 3852 mehr
617 3809 713 3866 gemiss
732 3804 808 3853 war.”
828 3803 926 3851 Eodem
947 3802 1052 3851 tendunt
1068 3801 1142 3849 verba
1152 3800 1178 3850 S.
1192 3783 1284 3859 Widii,
1300 3799 1365 3852 Lak.

195 3895 275 3943 Kulte
294 3911 318 3958 p.
339 3905 401 3954 217:
429 3909 472 3952 „es
491 3895 524 3942 ist
542 3893 637 3942 erlaubt
655 3892 837 3949 anzunehmen,
863 3893 920 3940 dass
940 3893 994 3939 eine
1013 3891 1088 3939 tiltere
1104 3888 1305 3948 lekerschicht,
1324 3890 1366 3939 die
1430 3922 1433 3928 -

196 3983 361 4043 „titanische”
387 3982 561 4046 Bevdlkerung
585 3984 646 4031 oder
672 3981 791 4030 vielmehr
812 3983 852 4030 die
880 3981 974 4040 Aioler,
1000 3980 1049 4029 den
1069 3979 1135 4028 Kult
1154 3980 1198 4027 des
1216 3979 1306 4027 Helios
1325 3995 1365 4042 ge-

194 4073 271 4139 pflegt
289 4071 363 4130 hat;’'
383 4088 533 4136 quamquam
552 4072 668 4136 equidem
688 4088 740 4121 non
758 4071 862 4120 multam
882 4070 1040 4119 tribuendam
1054 4084 1110 4117 esse
1122 4067 1199 4116 fidem
1212 4078 1273 4132 puto
1286 4069 1367 4116 nomi-

194 4164 275 4221 nibus,
295 4163 386 4227 quibus
407 4161 485 4210 Wide
504 4168 629 4225 nuncupat
650 4163 741 4225 priscas
760 4160 814 4209 illas
834 4160 958 4209 Laconiae
978 4167 1071 4222 gentes
1090 4158 1222 4222 dequibus
1237 4159 1276 4204 vix
1294 4157 1377 4221 quid-²

196 4268 270 4317 quam
289 4253 417 4316 cognitum
437 4251 569 4300 habemus.
1257 4256 1258 4259 ’
