3106 4942
756 386 804 436 20

191 578 287 650 clare
315 602 491 672 apparere
518 577 680 672 putabat,
708 575 799 650 inter
828 578 952 649 Iovem
982 575 1197 673 Olympium
1213 591 1249 650 et
1264 553 1383 649 mon--

190 717 274 775 tem
294 703 496 799 Olympum
525 700 585 773 vix
613 700 814 796 quidquam
844 700 1063 775 discriminis
1091 727 1179 775 esse.
1194 701 1363 775 Creuzeri

190 830 304 900 verba
330 827 421 899 haec
454 839 538 899 sunt
555 823 599 924 1);
632 828 734 900 «Das
763 828 893 922 Haupt
920 828 985 900 des
1014 829 1166 923 Berges
1183 853 1257 912 war
1284 827 1362 899 also

186 953 346 1048 Jupiters
388 953 540 1048 Haupt»
678 953 753 1025 «Es
794 954 869 1048 gab
911 951 994 1024 eine¹
1027 951 1183 1024 Ansicht
1209 951 1362 1025 wonach

190 1078 255 1150 der
297 1078 479 1174 Olympos
521 1078 605 1149 dem
648 1076 830 1151 Griechen
872 1080 964 1150 eben
993 1101 1035 1149 so
1062 1077 1158 1150 wohl
1186 1077 1243 1149 ein
1273 1079 1364 1151 Gott

189 1229 271 1289 war,
312 1202 385 1275 wie
425 1203 491 1275 der
532 1204 631 1298 Berg
657 1204 818 1299 Arg‘etus‘
835 1203 905 1291 den
935 1201 1223 1297 Cappadociem.
1253 1201 1361 1275 Nach

189 1328 338 1401 solchen
379 1327 660 1423 Vorstellungen
701 1327 846 1400 werden
887 1326 1023 1423 heilige
1056 1329 1176 1423 Berge
1203 1353 1287 1399 zum
1316 1327 1362 1399 le-

100 1537 103 1544 ,
188 1453 373 1549 bendigen
407 1454 483 1525 und
510 1452 911 1548 lebendigmuchenden
941 1454 1032 1526 Gott
1058 1453 1186 1525 selber.
1228 1455 1268 1524 ln
1297 1453 1362 1524 der

189 1577 471 1651 Sternenschrift
498 1578 564 1650 des
593 1578 776 1650 Himmels
805 1577 850 1649 ist
878 1579 944 1651 das
972 1590 1067 1651 erste
1095 1580 1228 1652 Gesetz
1251 1604 1362 1675 gege-

189 1704 270 1775 ben.
299 1705 378 1775 Das
406 1703 530 1776 zweite
559 1704 691 1776 Gesetz
719 1703 808 1776 wird
835 1706 1005 1799 gegeben
1021 1702 1084 1776 auf
1098 1704 1163 1782 des
1178 1692 1361 1801 Olympus

190 1828 336 1924 Gipfel»
352 1856 385 1901 u.
395 1855 421 1901 s,
431 1855 472 1902 w.
487 1830 535 1900 Et
549 1828 635 1901 alibi
650 1829 750 1924 apud
765 1829 922 1901 eundem
938 1829 1096 1925 legimus
1109 1825 1152 1927 2):
1167 1828 1362 1924 «luppiter,

189 1954 255 2026 der
296 1968 401 2026 natur
443 1954 535 2026 Leib
576 1955 652 2026 und
690 1955 814 2027 Leben
842 1953 988 2026 thronet
1016 1953 1115 2026 nicht
1142 1968 1233 2027 etwa
1260 1954 1361 2026 bloss

189 2079 252 2152 aul
288 2080 358 2153 den
398 2079 543 2165 then
576 2080 735 2151 sondern
763 2104 802 2151 er
829 2080 929 2152 ward
945 2064 993 2150 'in
1022 2080 1093 2152 den
1122 2081 1360 2153 Stammesre-

187 2204 349 2301 ligionen
390 2205 456 2277 der
483 2185 765 2278 verschiedenen
795 2206 934 2290 Cranen,
963 2205 1015 2276 als
1045 2205 1249 2289 Naturleib,
1276 2229 1359 2276 zum

187 2330 346 2426 heiligen
375 2332 494 2426 Berge
521 2330 671 2403 selber.»
704 2330 810 2402 Haec
839 2330 963 2402 omnia
991 2356 1102 2425 quam
1132 2330 1254 2425 inepta
1281 2329 1361 2414 sint,

188 2480 297 2527 nemo
326 2481 399 2527 non
426 2455 543 2540 videt;
571 2468 655 2528 sunt
682 2454 849 2550 profecto
878 2455 1059 2528 Creuzero
1082 2455 1204 2551 digna,
1222 2454 1360 2550 quippe

189 2579 252 2674 qui
294 2593 407 2652 artem
450 2580 618 2653 criticam
655 2593 765 2675 atque
807 2579 984 2652 rationem
1012 2579 1222 2652 historicam
1251 2579 1360 2674 plane

188 2731 363 2802 respuens
391 2705 500 2792 etium
529 2705 600 2777 alia
626 2704 725 2777 haud
754 2730 874 2801 pauca
901 2717 1361 2800 commentapruepostera
1447 2761 1450 2767 .

188 2845 223 2903 et
251 2830 567 2925 ridiculascripto
596 2829 831 2915 mandaverit
860 2832 1102 2925 quamobrem
1118 2856 1140 2902 a
1154 2829 1359 2902 recentiori-

187 2958 257 3029 bus
286 2955 496 3052 mythorum
526 2954 782 3050 interpretibus
810 2954 888 3026 iure
916 2955 1087 3050 explosus
1115 2967 1169 3028 est
1187 2949 1221 3052 3).

241 3084 388 3153 Praeter
403 3080 477 3152 hoc
497 3092 618 3153 autem
635 3065 896 3157 documentum
913 3105 958 3152 ex
973 3081 1140 3152 Homero
1156 3078 1359 3174 repetitum,

188 3207 290 3300 quod
318 3205 418 3277 nihili
451 3218 513 3291 est,
541 3205 640 3277 nulla
666 3217 759 3290 sunt,
788 3205 889 3298 quod
917 3204 1041 3290 sciam,
1068 3204 1150 3277 tulis
1179 3205 1357 3276 montium

187 3331 306 3403 cultus
334 3330 433 3425 apud
463 3332 626 3403 Graecos
654 3342 754 3401 certa
768 3329 943 3424 exempla.
958 3328 1086 3401 Nihilo
1100 3342 1222 3400 tamen
1239 3329 1358 3400 minus

187 3455 438 3528 remotissimis
466 3454 694 3550 temporibus
723 3479 761 3526 re
788 3480 875 3526 vera
902 3454 1002 3549 apud
1026 3479 1094 3526 eos
1122 3453 1219 3525 illam
1234 3478 1358 3548 super·
1411 3444 1413 3448 ’

178 3572 368 3654 ‘stitionem
411 3579 588 3653 exstitisse
627 3579 728 3651 haud
769 3579 998 3675 negaverim3
1040 3578 1154 3650 immo
1196 3578 1273 3651 eius
1306 3577 1357 3649 rei

226 3741 250 3807 1)
269 3743 312 3789 Fr.
332 3742 445 3798 Creuzer,
465 3740 554 3804 Symb.
573 3757 598 3787 u.
608 3756 643 3788 m.
653 3739 678 3790 d.
698 3739 739 3788 alt.
759 3739 837 3788 Votk.
856 3740 910 3788 bes.
928 3739 954 3786 d.
974 3739 1039 3788 Gr.²
1057 3740 1084 3786 Π
1106 3749 1165 3802 535.

221 3832 315 3878 Veram
334 3838 359 3878 et
377 3829 512 3877 dilucidum
531 3829 605 3876 huius
623 3828 672 3876 loci
682 3829 911 3892 interpretationem
921 3828 1042 3876 debemus
1053 3830 1088 3876 K.
1101 3829 1136 3876 H.
1148 3828 1194 3875 W.
1206 3824 1355 3897 Voelckero,

187 3919 291 3968 Homer.
312 3920 402 3981 Geogr.
421 3936 445 3967 u.
466 3917 563 3967 Weltk.
583 3930 598 3979 9
618 3934 656 3981 sq.

223 4022 236 4056 2
270 4009 357 4057 Creuz.
378 4009 404 4055 II
478 4044 483 4055 .
549 4011 553 4018 “

223 4009 250 4160 3i
267 4098 305 4145 Cf.
333 4099 355 4161 J.
384 4017 521 4154 H.7il70ss‚
545 4093 747 4158 Antisymbolik.
767 4096 796 4144 C.
820 4096 852 4146 Ο.
871 4095 985 4152 Mueller,
1005 4093 1073 4143 Prol.
1093 4111 1124 4142 zu
1143 4095 1191 4144 ein.
1211 4089 1355 4143 wissensch.
1422 4100 1426 4107 '

185 4186 267 4252 Myth.
288 4199 336 4250 331
358 4202 413 4251 sqq.
433 4188 465 4235 G.
485 4187 623 4243 Hermann,
641 4185 719 4235 Uber.
730 4184 755 4234 d.
765 4185 864 4233 Wesen
883 4202 909 4234 u.
928 4185 952 4232 d.
974 4183 1140 4247 Behandluug
1156 4184 1181 4231 d.
1192 4182 1276 4248 Myth.
1287 4183 1359 4231 Bries

186 4292 217 4324 an
237 4276 350 4327 Creuzer.
