3106 4942
757 409 800 476 17

187 600 252 673 der
298 599 595 696 Himmelsgott.»
650 601 710 674 De
752 599 959 674 Canaanitis
1001 600 1098 673 idem
1142 601 1361 675 edocemur:

186 751 314 798 eorum
343 750 494 820 quoque
520 725 649 822 religio
678 751 814 822 magna
840 751 885 798 ex
912 740 1015 820 parte
1043 752 1064 798 e
1091 740 1242 800 naturae
1261 727 1362 800 cultu

187 862 267 921 orta
307 863 393 936 erat,
421 850 596 955 quocirca
631 851 723 924 coeli
761 851 933 923 dominus
969 876 1058 947 prae
1095 851 1224 925 ceteris
1262 853 1362 947 apud

187 999 251 1047 eos
278 975 500 1048 venerationi
528 990 605 1048 erat
633 990 668 1048 et
690 976 844 1049 summis
864 976 899 1047 in
920 976 1106 1049 montibus
1125 977 1314 1050 colebatur
1327 960 1384 1076 1)(

186 1100 249 1170 Ab
292 1099 335 1174 iis
372 1100 536 1173 Hebraei
578 1126 718 1173 morem
756 1101 856 1173 illum
890 1102 1001 1174 deum
1030 1102 1174 1175 colendi
1203 1102 1238 1174 in
1272 1104 1362 1175 «Ba-

188 1226 313 1298 moth»
345 1225 551 1299 asciverunt
572 1223 607 1324 ⁴²),
635 1228 877 1320 quamobrem
907 1241 1036 1321 postea
1058 1227 1270 1323 prophetae,
1298 1228 1361 1322 qui

188 1351 337 1446 quidem
385 1376 513 1424 omnes
553 1351 838 1446 superstitiones,
880 1378 976 1446 quae
1016 1378 1037 1424 e
1079 1367 1230 1425 naturae
1262 1353 1361 1425 cultu

187 1478 404 1571 pendebant,
432 1476 562 1549 acriter
590 1477 891 1573 perstringebant,
919 1478 1013 1549 hanc
1041 1478 1253 1573 praesertim
1278 1503 1362 1550 con-

187 1601 416 1674 suetudinem
458 1615 646 1696 tamquam
684 1602 916 1698 sacrilegium
959 1616 995 1674 et
1035 1628 1222 1675 summum
1261 1603 1362 1677 nefas

189 1725 447 1823 improbabant
465 1723 502 1825 ³).

228 2015 250 2074 1)
269 2014 314 2062 W.
335 2014 379 2061 W.
399 2014 541 2070 Baudissin,
561 2013 634 2064 Stud.
653 2031 675 2063 z.
694 2014 763 2063 Sem.
783 2013 957 2076 Ret11263
979 2030 1033 2079 sqq.

226 2100 251 2168 2)
271 2103 336 2167 Ipsis
365 2103 487 2151 Hebraeis
514 2104 563 2151 iam
592 2104 650 2151 iude
677 2120 693 2151 a
720 2105 805 2167 priscis
834 2105 987 2167 temporibus
1007 2111 1105 2152 montes
1124 2103 1258 2153 nonnullos
1277 2121 1361 2154 sacros

189 2190 266 2239 fuisse
284 2193 400 2241 Baudiss.
419 2192 445 2238 11
466 2202 514 2254 253
535 2208 589 2255 sqq.
609 2193 731 2256 probavit.

225 2277 251 2345 3)
270 2280 392 2345 Chantep.
410 2281 435 2329 d.
454 2281 470 2328 l.
489 2280 574 2329 Sauss.
594 2281 623 2328 L.
644 2281 669 2328 d.
689 2282 724 2328 R.
744 2282 757 2327 Ι
777 2291 836 2341 272.
856 2282 971 2329 Baudiss,
990 2282 1017 2328 II
1038 2281 1097 2330 261.
