3106 4942
751 345 798 412 88

190 558 237 628 de
278 567 406 628 sancto
449 552 632 650 Dionysio
675 551 820 625 fabulae
862 565 1054 624 narrantur
1094 541 1284 637 eiusmodi,
1325 565 1368 624 ut

189 678 276 752 nulli
304 677 523 751 dubitationi
551 675 751 749 obnoxium
780 676 827 749 sit
853 677 950 748 hunc
979 675 1098 748 virum
1122 690 1288 749 sanctum
1304 676 1365 749 dei

191 802 348 900 Dionysi
377 801 474 874 vices
503 801 539 873 in
566 827 607 875 se
634 801 816 896 recepisse
835 796 869 898 ¹).
903 800 1045 872 Eadem
1074 814 1195 872 autem
1225 799 1366 872 ratione

191 941 244 999 un
266 933 353 1012 {lyron
376 933 473 996 Ἠλία
495 926 619 998 locum
648 932 764 996 Ἡλίου
792 949 1003 1020 occupasse,
1030 924 1272 997 Wachsmuth
1302 926 1368 997 ob·

191 1050 356 1136 servavit,
384 1050 443 1122 cui
471 1063 600 1146 postea
627 1046 754 1122 Politis
772 1047 798 1144 2)
827 1073 995 1122 assensus
1023 1063 1086 1122 est.
1114 1049 1225 1122 Plura
1243 1062 1365 1121 tamen

190 1188 274 1250 sunt
315 1189 531 1271 argumenta
559 1199 676 1268 eaque
707 1174 807 1246 haud
835 1173 924 1246 levis
954 1172 1139 1259 momenti,
1167 1199 1262 1268 quae
1289 1199 1364 1246 non

191 1299 268 1374 sine
310 1324 445 1396 magna
485 1298 656 1370 veritatis·
686 1297 809 1392 specie
851 1311 979 1370 contra
1019 1298 1114 1370 hanc
1151 1297 1365 1370 sententiam

114 1514 116 1518 ι
192 1423 347 1521 proferri
375 1436 550 1519 possunt;
578 1422 752 1516 quocirca
778 1422 869 1494 haec
888 1434 1106 1518 argumenta
1123 1422 1233 1518 paulo
1252 1421 1369 1528 fusius

193 1549 434 1645 pertractabo
476 1561 671 1641 antequam
710 1546 879 1619 distincte
907 1545 1037 1632 dicam,
1070 1546 1159 1640 quid
1187 1547 1234 1618 de
1262 1546 1367 1619 Eliae

193 1673 425 1746 veneratione
457 1671 620 1744 sentiam.
649 1670 812 1743 Primum
841 1671 914 1742 huc
943 1670 1038 1756 facit,
1066 1672 1167 1764 quod
1186 1672 1367 1767 permulta

196 1797 374 1870 montium
403 1795 602 1881 cacumina,
631 1821 726 1889 quae
753 1794 865 1867 hodie
893 1794 997 1867 Eliae
1024 1796 1226 1890 prophetae
1244 1820 1371 1868 conse-

195 1935 294 1994 crata
334 1935 427 2006 sunt,
469 1919 555 1992 olim
597 1945 670 1991 non
704 1927 805 2013 Ἡλίῳ
829 1944 933 1992 sacra
961 1932 1071 2006 erant,
1098 1921 1164 1992 sed
1192 1919 1270 1992 aliis
1298 1919 1368 1992 diis

195 2044 452 2139 heroibusque,
480 2043 659 2138 imprimis
683 2055 733 2114 stu
757 2043 825 2138 ipsi
844 2040 887 2142 3).·
907 2046 1099 2117 Praeterea
1127 2044 1226 2117 Elias
1254 2059 1371 2117 tanto-

196 2337 249 2369 sam
269 2321 314 2368 mit
332 2319 390 2368 dem
410 2318 476 2366 alten
496 2317 610 2367 Glauben
628 2317 792 2380 umzugehen,
812 2316 954 2366 christliche
973 2318 1070 2367 Lehren
1089 2319 1136 2367 mit
1154 2318 1286 2367 shnlichen
1304 2320 1371 2367 Vor-

196 2409 333 2472 stellungen
358 2409 402 2456 des
426 2407 614 2456 Heidenthums
639 2423 669 2455 zu
695 2406 889 2471 parallelisiren”
1003 2407 1055 2465 „So
1076 2409 1124 2456 viel
1143 2408 1229 2471 irgend
1249 2407 1370 2467 thunlich,

195 2498 289 2547 behielt
306 2512 365 2544 man
384 2496 457 2544 dabei
474 2496 566 2544 bereits
585 2495 663 2543 durch
681 2495 829 2544 heidnische
848 2495 998 2559 Verehrung
1016 2496 1140 2559 geweihte
1157 2498 1255 2546 Stitten
1268 2499 1307 2546 fiir
1321 2498 1370 2548 den

197 2602 277 2635 neuen
296 2586 363 2634 Kult
381 2585 448 2634 bei.’'
1057 2589 1059 2594 ’

237 2679 259 2738 1)
276 2674 345 2722 Talis
364 2673 510 2722 narrationis
529 2673 620 2721 illustre
639 2672 789 2737 exemplum,
809 2674 876 2736 quod
896 2675 948 2737 agit
966 2675 998 2723 de
1017 2683 1103 2724 sancto
1112 2675 1237 2738 Dionysio
1252 2675 1278 2723 in
1290 2676 1370 2725 insula

198 2765 281 2814 Naxia
298 2764 384 2811 vinum
403 2763 553 2819 inveniente,
572 2769 783 2810 commemoratur
800 2762 867 2826 apud
882 2763 908 2826 J.
928 2762 959 2811 G.
979 2779 1003 2812 v.
1013 2763 1099 2821 Hahn,
1110 2765 1136 2810 in
1146 2763 1217 2821 libro,
1231 2765 1273 2828 qui
1285 2766 1374 2814 inscri-

198 2855 264 2902 bitur
288 2850 463 2916 ,Griechische
487 2851 538 2898 und
559 2850 739 2899 Albanesische
757 2851 894 2899 Mirchen'’
917 2853 945 2898 II
965 2850 998 2912 76
1017 2868 1073 2916 sqq.
1091 2853 1192 2901 Nasum
1211 2861 1294 2901 autem
1308 2855 1371 2902 anti-

198 2943 325 3007 quissimis
353 2940 506 3005 temporibus
533 2940 648 3002 Dionyso
672 2940 795 3002 imprimis
818 2939 926 2988 dicatam
950 2941 1027 2989 fuisse
1052 2948 1113 2989 nota
1135 2957 1174 2989 res
1193 2950 1238 2999 est,
1258 2943 1372 3005 quocirca

136 3076 137 3081 ,
199 3048 249 3080 non
261 3031 378 3079 miramur
390 3029 455 3077 hanc
466 3028 572 3076 insulam
586 3029 611 3074 in
625 3027 716 3077 fabulis
729 3029 761 3076 de
772 3034 859 3076 sancto
870 3029 993 3093 Dionysio
1003 3030 1148 3093 primarium
1158 3030 1271 3078 obtinere
1281 3030 1374 3080 locum.

236 3121 263 3184 2)
287 3120 384 3176 Politis,
411 3116 427 3171 ὁ
448 3119 560 3178 Ἥλιος
581 3116 653 3171 κατὰ
676 3117 743 3180 τούς
762 3114 910 3189 δημώδης
929 3117 1042 3189 μύθους
1062 3135 1105 3182 pp·
1119 3129 1150 3182 45
1165 3120 1370 3182 e.q.s.Wachs·

201 3214 279 3272 muth,
299 3214 333 3263 D.
344 3230 367 3263 a.
377 3213 420 3264 Gr.
431 3214 448 3262 i.
459 3230 483 3262 n.
502 3229 528 3277 p.
541 3225 587 3274 23:
608 3229 654 3270 „so
672 3213 737 3262 ldste
755 3214 804 3261 den
822 3214 866 3261 auf
883 3214 1003 3276 leurigem
1013 3214 1114 3277 Wagen
1127 3229 1167 3260 am
1187 3213 1300 3262 Himmel
1320 3213 1374 3262 fah-

199 3303 293 3351 renden
311 3302 468 3364 Sonnengott
487 3301 577 3349 Helios
596 3300 667 3368 (oder
686 3303 734 3350 wie
752 3319 812 3350 man
831 3301 912 3350 sicher
930 3302 1026 3350 damals
1044 3303 1070 3349 in
1090 3313 1113 3365 5.
1133 3301 1184 3350 und
1204 3300 1228 3352 6.
1244 3301 1374 3365 Jahrhun·

200 3393 254 3440 dert
272 3389 350 3439 sehon
369 3399 437 3453 sagte
456 3390 528 3453 Ilios)
547 3392 573 3437 in
591 3391 676 3439 seinen
695 3391 740 3439 aus
754 3390 839 3439 hohen
857 3391 955 3453 Bergen
973 3391 1108 3453 gelegenen
1125 3391 1328 3453 Heiligthiimern
1340 3391 1371 3440 ab

200 3480 244 3528 der
271 3479 316 3528 auf
341 3480 459 3542 feurigem
485 3479 587 3542 Wagen
609 3495 656 3541 gen
676 3479 790 3528 Himmel
809 3479 937 3537 fahrende,
963 3479 1027 3528 auch
1050 3478 1151 3528 lautlich
1171 3480 1235 3527 nahe
1253 3480 1374 3528 stehende

200 3570 269 3617 Elias
288 3568 392 3629 [Iliasl.”

237 3654 264 3723 3)
283 3657 324 3707 Cf.
344 3658 374 3706 L.
393 3658 471 3714 Ross‚
492 3657 706 3719 „Wanderungen
725 3658 751 3704 in
771 3657 952 3706 Griechenland
971 3658 1007 3706 im
1027 3657 1133 3720 Gefolge
1142 3657 1186 3705 des
1197 3658 1297 3720 Konigs
1312 3658 1375 3706 Otto

201 3747 253 3794 und
271 3747 314 3793 der
327 3747 460 3808 Koniginn
478 3746 604 3802 Amalie,”
623 3746 650 3792 II
671 3758 734 3794 212:
755 3747 826 3803 „Auf
844 3746 885 3794 die
903 3746 1046 3794 scheinbare
1056 3746 1320 3810 Uebereinstimmung
1330 3747 1376 3794 der

201 3835 302 3883 Namen
327 3835 418 3883 Helios
442 3835 495 3883 und
514 3834 583 3882 Elias
601 3833 645 3883 hat
664 3851 722 3882 man
741 3850 770 3883 so
788 3835 836 3883 viel
855 3836 903 3884 wie
923 3835 1005 3883 nichts
1024 3851 1054 3883 zu
1072 3835 1161 3897 geben.
1189 3836 1242 3883 Der
1260 3835 1374 3899 Prophet

201 3923 270 3971 Elias
288 3923 332 3971 hat
350 3925 376 3971 in
394 3921 577 3972 Griechenland
596 3923 685 3971 thter
704 3923 764 3971 aller
781 3926 831 3972 Art
849 3939 899 3972 von
912 3923 996 3972 hohen
1009 3924 1060 3972 und
1073 3923 1198 3986 niedrigen
1213 3924 1373 3988 Bergspitzen

201 4012 357 4074 verdriingt.¹’
387 4013 483 4060 Eadem
511 4013 561 4060 fere
588 4011 693 4074 legimus
720 4013 788 4076 apud
818 4012 847 4062 C.
868 4013 982 4070 Bursian,
1007 4012 1104 4061 Rhein.
1122 4013 1191 4061 Mus.
1210 4014 1281 4061 XVI
1307 4011 1369 4060 1861

201 4118 226 4165 p.
241 4113 290 4163 4²3
312 4110 336 4149 ct
354 4101 384 4149 B.
404 4100 527 4163 Schmidt,
554 4102 626 4158 „Das
650 4100 807 4150 Volksleben
831 4102 875 4150 der
899 4101 1074 4168 Neupriechen
1096 4102 1148 4150 und
1158 4102 1201 4150 das
1214 4100 1377 4150 Hellenische

202 4190 364 4238 Alterthum’'
384 4189 453 4252 148.
