3090 4942
748 379 794 444 26

183 593 288 661 antea
330 587 515 661 exstitisse.
556 589 729 661 Attamen
772 588 843 660 iam
881 587 1028 683 saepius
1055 612 1201 660 summo
1230 588 1357 661 iurea

182 713 267 787 viris
295 713 413 786 doctis
432 710 457 805 1)
487 715 721 786 observatum
751 727 813 799 est,
842 738 970 786 omnes
990 712 1067 786 illas
1081 713 1356 809 superstitiones

182 839 403 924 humiliores
431 864 493 912 eas
521 839 615 924 dico,
644 864 739 933 quae
767 839 815 911 ad
843 840 1016 912 arborum
1036 838 1201 934 lapidum
1221 839 1356 912 anima-

181 964 269 1037 lium
312 964 535 1036 daemonum
574 962 785 1036 inferiorum
815 963 952 1037 cultum
981 963 1171 1059 pertinent,
1199 989 1355 1059 quarum

181 1088 335 1186 vestigia
363 1113 446 1175 non,
474 1088 541 1161 nisi
561 1101 679 1161 aetate
699 1087 937 1161 Hellenistica
956 1088 1157 1184 conspicua
1175 1102 1268 1175 sunt,
1283 1089 1355 1162 iam

182 1214 267 1286 inde
308 1241 330 1286 a
371 1213 499 1309 priscis
540 1213 768 1308 temporibus
809 1213 995 1286 exstitisse.
1038 1215 1205 1286 Deorum
1247 1215 1357 1287 subli-

183 1339 340 1411 miorum
369 1337 592 1411 venerationi
620 1338 884 1434 pedetemptim
913 1352 1100 1411 cesserunt
1129 1339 1288 1434 quidem,
1316 1353 1356 1412 ut

181 1491 247 1560 per
274 1467 427 1561 longum
457 1488 587 1536 aevum
607 1464 715 1559 plane
734 1463 932 1537 exstinctae
951 1488 1030 1536 esse
1044 1463 1271 1550 viderentur;
1290 1465 1356 1538 sed

182 1603 319 1685 postea,
347 1614 433 1662 cum
462 1589 541 1684 ipsa
568 1589 722 1661 deorum
751 1588 1007 1662 sublimiorum
1027 1588 1223 1662 auctoritas
1238 1589 1357 1686 magis

184 1715 376 1811 magisque
430 1713 714 1800 imminueretur,
761 1713 1035 1808 antiquissimae
1079 1713 1356 1809 superstitiones

183 1866 307 1913 rursus
349 1840 385 1911 in
423 1839 613 1912 clariorem
648 1841 767 1912 lucem
796 1839 1019 1934 prodierunt.
1061 1839 1166 1931 Quae
1194 1864 1279 1911 cum
1308 1839 1358 1913 ita

182 1966 260 2051 sint,
276 1965 425 2038 minime
439 1964 672 2037 temerarium
689 1964 776 2037 mihi
791 1964 935 2037 videtur
945 1965 1166 2037 contendere
1176 1964 1355 2037 montium

182 2116 331 2184 quoque
360 2089 623 2175 adorationem,
652 2115 763 2185 quam
793 2115 876 2175 non,
896 2089 963 2162 nisi
978 2116 999 2162 e
1014 2089 1260 2163 monumentis
1274 2115 1357 2185 pos-

181 2215 324 2289 terioris
370 2215 496 2289 aetatis
542 2215 797 2311 cognovimus
845 2215 973 2310 priscis
1015 2213 1087 2288 iam
1129 2214 1357 2311 temporibus

183 2341 358 2414 floruisse.
385 2340 500 2436 Apud
529 2342 693 2414 Graecos
714 2340 824 2437 igitur
839 2340 1037 2434 aliquando
1052 2340 1355 2413 consuetudinem

183 2480 326 2538 montes
353 2479 541 2560 tamquam
571 2465 695 2539 letissa
713 2465 911 2539 venerandi
926 2465 1096 2538 usitatam
1112 2465 1232 2550 luisse,
1247 2464 1356 2538 variis

182 2591 413 2664 documentis
439 2591 654 2686 probavisse
683 2591 772 2695 mibi
800 2591 936 2677 videor,
960 2616 1186 2685 quamquam
1201 2590 1354 2663 huiusce

182 2717 233 2788 rei
262 2716 438 2811 exempla,
466 2717 569 2810 quod
596 2716 722 2801 sciam,
751 2715 979 2811 temporibus
1006 2715 1188 2789 historicis
1216 2730 1357 2789 exstant

183 2841 289 2914 nulla.
332 2843 498 2913 Deorum
541 2855 669 2913 contra
710 2841 828 2913 cultus
863 2840 898 2912 in
927 2839 1015 2936 ipsis
1044 2840 1223 2912 montium
1252 2866 1357 2913 cacu-

184 2966 343 3039 minibus
371 2980 445 3038 tam
474 2966 713 3062 pervulgatus
742 2965 809 3038 fuit
837 2979 873 3037 et
899 2979 954 3038 tot
981 2980 1173 3038 auctorum
1198 2966 1357 3039 testimo-

183 3091 251 3164 niis
279 3090 527 3176 conlirmatur,
554 3104 595 3163 ut
622 3115 757 3186 operae
785 3090 948 3186 pretium
966 3091 1012 3164 sit
1026 3092 1137 3187 paulo
1152 3090 1357 3164 accuratius

183 3216 373 3311 inquirere,
402 3216 551 3311 quinam
580 3215 713 3288 fuerint
740 3215 777 3287 hi
801 3215 861 3288 dei
890 3215 1099 3312 quibusque
1126 3216 1357 3290 caerimoniis

183 3341 219 3413 in
247 3341 337 3414 locis
365 3340 470 3414 editis
498 3340 584 3413 culti
611 3340 690 3414 sint.

223 3610 247 3672 1)
267 3610 306 3658 Cf.
325 3608 486 3669 Mannhardt,
503 3609 592 3657 Wald-
602 3610 654 3658 und
664 3608 755 3658 Feldk.
771 3609 798 3656 11
811 3622 870 3671 209.
881 3610 913 3660 E.
924 3611 960 3659 H.
971 3611 1068 3674 Meyer,
1079 3610 1169 3673 Indog.
1178 3609 1262 3674 Myth.
1273 3611 1285 3657 Ι
1299 3623 1356 3660 102.
