3090 4942
1380 1330 1435 1380 Peg.

140 1419 340 1477 Prooemium
362 1462 1369 1478 .....................
1412 1421 1427 1478 1

140 1536 241 1610 Caput
260 1535 286 1592 Ι.
328 1535 373 1592 De
395 1536 523 1594 deorum
552 1537 654 1595 cultus
682 1538 714 1595 in
743 1537 834 1597 editis
854 1537 930 1595 loeis
950 1536 1079 1608 ratione,
1099 1536 1258 1596 variorum
1278 1555 1372 1610 popu·

198 1647 300 1704 lorum
321 1649 473 1724 exemplis
494 1650 649 1709 illustrate
662 1689 1369 1709 ...............
1411 1651 1430 1708 8

140 1762 241 1838 Caput
259 1763 302 1820 ΙΙ.
344 1763 390 1822 De
410 1764 485 1823 loeis
506 1765 600 1825 editis
620 1765 716 1824 sacris
737 1765 818 1841 apud
840 1765 976 1823 Graecos
997 1766 1142 1824 universe
1164 1809 1370 1823 .....
1393 1767 1431 1824 18

140 1879 239 1955 Caput
259 1879 319 1938 ΙΙΙ.
341 1880 387 1937 De
409 1881 542 1957 singulis
563 1882 623 1940 diis
644 1882 772 1941 Graecis
792 1882 826 1940 in
848 1881 1007 1940 mentibus
1029 1881 1120 1940 cultis
1162 1925 1368 1939 .....
1391 1882 1430 1939 27

359 1996 405 2054 De
428 1996 498 2062 Διὸς
637 1998 838 2058 veneratione
860 2040 1366 2055 ...........
1390 1999 1429 2056 27

359 2112 406 2169 De
426 2110 536 2182 Kptvee
639 2112 841 2172 veneratione
863 2153 1367 2168 ...........
1391 2111 1430 2168 50

359 2227 404 2284 De
429 2226 529 2292 Πανὸς
640 2228 840 2289 veneratione
861 2269 1367 2285 ...........
1390 2226 1428 2283 53

357 2343 403 2401 De
426 2343 563 2400 Διονύσου
642 2345 869 2403 veneratione.
913 2387 919 2399 .
965 2387 967 2391 .
1012 2383 1368 2400 ........
1390 2341 1429 2398 54

358 2459 404 2516 De
426 2442 537 2528 Ἑρμοῦ
639 2457 838 2517 veneratione
859 2496 1365 2513 ...........
1389 2454 1428 2511 55

358 2575 403 2632 De
427 2556 621 2639 Ἀπόλλωνος
639 2573 839 2634 veneratione
861 2613 1368 2630 ...........
1389 2571 1429 2628 58

356 2690 403 2748 De
424 2672 600 2763 Ἀρτέμιδες
639 2690 838 2751 veneratione
860 2728 1367 2747 ...........
1389 2686 1428 2743 64

356 2806 403 2864 De
426 2790 599 2884 Ἀφροδίτης
641 2808 842 2869 veneratione
864 2845 1369 2864 ...........
1392 2802 1430 2859 72

356 2924 402 2981 De
425 2921 606 2988 Ποσειδῶνος
640 2924 840 2984 veneratione
861 2960 1367 2980 ...........
1390 2918 1428 2976 74

356 3039 403 3096 De
424 3023 558 3108 Ἀθηνᾶς
641 3039 840 3101 veneratione
862 3075 1367 3098 ...........
1389 3033 1427 3091 76

136 3154 237 3230 Caput
256 3153 312 3212 IV.
354 3155 437 3215 Num
468 3159 580 3218 Graeci
611 3159 685 3217 deos
716 3157 749 3216 in
784 3157 860 3215 loeis
891 3155 983 3214 editis
1014 3153 1134 3212 eolendi
1165 3169 1284 3210 merem
1316 3148 1369 3207 ali·

196 3268 277 3325 unde
296 3268 474 3343 petiverint.
496 3271 543 3328 De
563 3268 705 3346 vestigiis
726 3267 820 3326 huius
841 3267 942 3326 cultus
963 3268 1063 3324 aetate
1084 3264 1269 3322 recentiore.
1311 3304 1318 3319 .
1361 3305 1368 3319 .
1389 3262 1428 3320 82
