3106 4942
621 684 921 851 tusses,

759 1083 783 1153 Ι.

238 1217 353 1312 Apud
396 1217 559 1290 Graecos
597 1215 796 1311 antiquitus
834 1229 975 1287 montes
1012 1228 1201 1308 tamquam
1230 1212 1358 1285 fetissa

186 1341 272 1414 culti
301 1367 380 1415 esse
407 1341 584 1414 videntur.

755 1501 797 1572 ΙΙ.

241 1636 348 1708 Festa
374 1634 572 1720 sollemnia„
601 1659 696 1729 quae
724 1635 824 1729 apud
853 1635 1017 1708 Graecos
1045 1633 1092 1705 ad
1121 1632 1357 1705 celebrandas

188 1771 258 1842 Διός
290 1774 326 1832 et
359 1771 373 1796 ‘¹
409 1794 463 1850 ρας
496 1759 640 1855 nuptias
673 1784 795 1832 sacras
824 1759 859 1830 in
887 1757 996 1830 variis
1024 1757 1114 1830 locis
1142 1756 1247 1830 editis
1275 1782 1358 1853 age-

186 1886 327 1970 bantur,
356 1884 534 1981 originem
563 1885 745 1957 duxerunt
772 1909 794 1956 a
822 1885 1050 1957 Graecorum
1080 1908 1182 1955 more
1204 1882 1358 1954 summis

186 2008 222 2080 in
250 2009 437 2082 montibus
465 2035 487 2082 a
515 2009 583 2081 diis
612 2008 844 2104 implorandis
860 2008 1004 2080 imbres.
1331 2014 1333 2020 '

749 2195 807 2267 ΙΙΙ.

241 2329 375 2402 Iniuria
425 2331 464 2401 B.
515 2328 684 2403 Schmidt
724 2328 942 2424 prophetam
987 2326 1105 2399 Eliam
1148 2326 1206 2399 dei
1245 2333 1358 2397 Ἡλίου

186 2455 309 2527 locum
339 2479 541 2549 occupasse
569 2468 687 2550 negat.
717 2453 907 2549 (Schmidt
923 2454 1002 2525 Das
1017 2452 1152 2524 Volksl.
1167 2452 1200 2523 d.
1217 2453 1357 2548 Neugr.

188 2606 221 2651 u.
250 2579 284 2650 d.
314 2580 409 2651 Hell.
437 2579 589 2651 Altenh.
618 2580 632 2648 I
661 2603 745 2674 pag.
773 2578 847 2676 48).

744 2766 803 2838 IV.

241 2901 385 2971 Morem
415 2900 506 2972 deos
534 2899 567 2970 in
598 2899 688 2972 locis
716 2899 822 2971 editis
852 2898 995 2971 colendi
1026 2923 1048 2970 a
1075 2895 1223 2992 populis
1243 2895 1358 2970 Serni-

188 3023 267 3096 ticis
296 3024 428 3097 Graeci
457 3049 529 3096 non
561 3024 714 3098 mutuati
742 3038 835 3096 sunt.

755 3212 797 3283 V.

241 3345 370 3418 Statua
398 3345 513 3417 musei
543 3344 734 3439 antiquarii
765 3342 1023 3439 Lugdunensis
1053 3343 1126 3413 No.
1148 3340 1169 3411 Ἰ
1202 3363 1248 3433 59
1269 3338 1357 3435 (Cat.

186 3469 294 3566 Jans.)
323 3469 553 3542 referendum
574 3494 653 3541 esse
672 3469 816 3541 videtur
831 3467 1101 3561 adexemplum
1127 3477 1198 3546 Διὸς
1218 3470 1357 3547 Πολιέως

121 3659 123 3664 .
188 3593 343 3666 confecti
373 3620 394 3666 a
424 3593 620 3665 Leochare.

748 3780 807 3852 VI.

242 3914 389 3991 Collatis
423 3915 551 3988 statuis
575 3913 642 3987 illis
670 3913 895 4007 pervetustis,
922 3911 1112 4007 Apollines
1141 3913 1203 4003 qui
1237 3909 1358 4006 appel-

190 4043 309 4114 lantur
333 4040 429 4136 (vide
457 4067 486 4113 e.
508 4066 544 4135 g.
573 4041 708 4122 Brunn
732 4036 836 4108 Phot.
851 4038 941 4109 Tab.
957 4060 1018 4130 45,
1032 4043 1094 4127 46,
1112 4059 1169 4130 57,
1186 4037 1258 4134 63),
1272 4059 1357 4106 cum

189 4166 296 4263 signo
330 4190 443 4239 aeneo
483 4164 597 4238 musei
635 4161 827 4258 antiquarii
858 4162 1115 4259 Lugdunensis
1145 4164 1218 4235 No,
1245 4162 1279 4233 V
1310 4182 1356 4252 59
