<?xml version="1.0" encoding="UTF-8"?>
<!DOCTYPE html PUBLIC "-//W3C//DTD XHTML 1.0 Transitional//EN"
    "http://www.w3.org/TR/xhtml1/DTD/xhtml1-transitional.dtd">
<html xmlns="http://www.w3.org/1999/xhtml" xml:lang="en" lang="en">
 <head>
  <title>
</title>
<meta http-equiv="Content-Type" content="text/html;charset=utf-8" />
  <meta name='ocr-system' content='tesseract 3.04.00' />
  <meta name='ocr-capabilities' content='ocr_page ocr_carea ocr_par ocr_line ocrx_word'/>
</head>
<body>
  <div class='ocr_page' id='page_1' title='image "./dediisinlocised00albegoog_0087.png"; bbox 0 0 3090 4942; ppageno 0'>
   <div class='ocr_carea' id='block_1_1' title="bbox 749 395 794 462">
    <p class='ocr_par' dir='ltr' id='par_1_1' title="bbox 749 395 794 462">
     <span class='ocr_line' id='line_1_1' title="bbox 749 395 794 462; baseline 0 0"><span class='ocrx_word' id='word_1_1' title='bbox 749 395 794 462; x_wconf 79' lang='lat'>73</span> 
     </span>
    </p>
   </div>
   <div class='ocr_carea' id='block_1_2' title="bbox 184 585 1460 2683">
    <p class='ocr_par' dir='ltr' id='par_1_2' title="bbox 184 585 1357 1550">
     <span class='ocr_line' id='line_1_2' title="bbox 184 585 1354 684; baseline 0 -26"><span class='ocrx_word' id='word_1_2' title='bbox 184 601 360 659; x_wconf 90' lang='lat' dir='ltr'>terrarum</span> <span class='ocrx_word' id='word_1_3' title='bbox 399 585 435 657; x_wconf 94' lang='lat' dir='ltr'>in</span> <span class='ocrx_word' id='word_1_4' title='bbox 463 586 553 659; x_wconf 91' lang='lat' dir='ltr'>locis</span> <span class='ocrx_word' id='word_1_5' title='bbox 580 586 796 673; x_wconf 87' lang='lat' dir='ltr'>celsissimis,</span> <span class='ocrx_word' id='word_1_6' title='bbox 823 588 961 684; x_wconf 87' lang='lat' dir='ltr'>templa</span> <span class='ocrx_word' id='word_1_7' title='bbox 987 587 1147 660; x_wconf 89' lang='lat' dir='ltr'>habebat</span> <span class='ocrx_word' id='word_1_8' title='bbox 1170 596 1354 679; x_wconf 63' lang='grc' dir='ltr'><em>Ἀφροδίτη.</em></span> 
     </span>
     <span class='ocr_line' id='line_1_3' title="bbox 187 708 1357 811; baseline 0.003 -28"><span class='ocrx_word' id='word_1_9' title='bbox 187 712 286 784; x_wconf 90' lang='lat' dir='ltr'>Hinc</span> <span class='ocrx_word' id='word_1_10' title='bbox 313 720 455 801; x_wconf 76' lang='grc' dir='ltr'>’Ἀκραια</span> <span class='ocrx_word' id='word_1_11' title='bbox 479 708 503 810; x_wconf 88' lang='lat'>¹)</span> <span class='ocrx_word' id='word_1_12' title='bbox 532 714 733 784; x_wconf 90' lang='lat' dir='ltr'>vocabatur</span> <span class='ocrx_word' id='word_1_13' title='bbox 752 714 852 807; x_wconf 88' lang='lat' dir='ltr'>apud</span> <span class='ocrx_word' id='word_1_14' title='bbox 866 712 1037 805; x_wconf 73' lang='lat' dir='ltr'>Argivos,</span> <span class='ocrx_word' id='word_1_15' title='bbox 1052 714 1123 808; x_wconf 85' lang='lat' dir='ltr'>qui,</span> <span class='ocrx_word' id='word_1_16' title='bbox 1138 714 1232 787; x_wconf 90' lang='lat' dir='ltr'>sicut</span> <span class='ocrx_word' id='word_1_17' title='bbox 1245 741 1357 811; x_wconf 89' lang='lat' dir='ltr'>supra</span> 
     </span>
     <span class='ocr_line' id='line_1_4' title="bbox 185 836 1356 932; baseline 0.003 -24"><span class='ocrx_word' id='word_1_18' title='bbox 185 836 352 923; x_wconf 91' lang='lat' dir='ltr'>vidimus,</span> <span class='ocrx_word' id='word_1_19' title='bbox 381 837 489 910; x_wconf 91' lang='lat' dir='ltr'>etiam</span> <span class='ocrx_word' id='word_1_20' title='bbox 515 844 675 928; x_wconf 70' lang='grc' dir='ltr'>Ἀρτέμιδι</span> <span class='ocrx_word' id='word_1_21' title='bbox 701 846 836 932; x_wconf 75' lang='grc' dir='ltr'><strong><em>Ἀκραίᾳ</em></strong></span> <span class='ocrx_word' id='word_1_22' title='bbox 860 838 1020 911; x_wconf 86' lang='lat' dir='ltr'>honores</span> <span class='ocrx_word' id='word_1_23' title='bbox 1044 837 1261 912; x_wconf 83' lang='lat' dir='ltr'>tribuebant.</span> <span class='ocrx_word' id='word_1_24' title='bbox 1285 841 1356 911; x_wconf 87' lang='lat' dir='ltr'>Eo-</span> 
     </span>
     <span class='ocr_line' id='line_1_5' title="bbox 185 962 1356 1061; baseline 0.002 -27"><span class='ocrx_word' id='word_1_25' title='bbox 185 963 270 1034; x_wconf 88' lang='lat' dir='ltr'>dem</span> <span class='ocrx_word' id='word_1_26' title='bbox 313 962 460 1034; x_wconf 92' lang='lat' dir='ltr'>nomine</span> <span class='ocrx_word' id='word_1_27' title='bbox 502 962 537 1033; x_wconf 92' lang='lat' dir='ltr'>in</span> <span class='ocrx_word' id='word_1_28' title='bbox 579 988 725 1035; x_wconf 92' lang='lat' dir='ltr'>summo</span> <span class='ocrx_word' id='word_1_29' title='bbox 768 963 879 1060; x_wconf 88' lang='lat' dir='ltr'>Cypri</span> <span class='ocrx_word' id='word_1_30' title='bbox 922 976 1055 1049; x_wconf 85' lang='lat' dir='ltr'>monte,</span> <span class='ocrx_word' id='word_1_31' title='bbox 1082 963 1144 1059; x_wconf 93' lang='lat' dir='ltr'>qui</span> <span class='ocrx_word' id='word_1_32' title='bbox 1173 965 1356 1061; x_wconf 85' lang='lat' dir='ltr'>Olympus</span> 
     </span>
     <span class='ocr_line' id='line_1_6' title="bbox 185 1086 1357 1185; baseline 0.003 -27"><span class='ocrx_word' id='word_1_33' title='bbox 185 1086 326 1173; x_wconf 90' lang='lat' dir='ltr'>dicitur,</span> <span class='ocrx_word' id='word_1_34' title='bbox 355 1087 543 1160; x_wconf 85' lang='lat' dir='ltr'>colebatur</span> <span class='ocrx_word' id='word_1_35' title='bbox 562 1086 596 1185; x_wconf 80' lang='lat'>²),</span> <span class='ocrx_word' id='word_1_36' title='bbox 625 1087 729 1161; x_wconf 93' lang='lat' dir='ltr'>cuius</span> <span class='ocrx_word' id='word_1_37' title='bbox 758 1088 895 1160; x_wconf 89' lang='lat' dir='ltr'>insulae</span> <span class='ocrx_word' id='word_1_38' title='bbox 923 1088 1005 1160; x_wconf 93' lang='lat' dir='ltr'>loca</span> <span class='ocrx_word' id='word_1_39' title='bbox 1032 1088 1206 1161; x_wconf 87' lang='lat' dir='ltr'>altissima</span> <span class='ocrx_word' id='word_1_40' title='bbox 1234 1088 1357 1161; x_wconf 90' lang='lat' dir='ltr'>omnia</span> 
     </span>
     <span class='ocr_line' id='line_1_7' title="bbox 185 1211 1356 1308; baseline 0.003 -26"><span class='ocrx_word' id='word_1_41' title='bbox 185 1211 260 1285; x_wconf 88' lang='lat' dir='ltr'>fere</span> <span class='ocrx_word' id='word_1_42' title='bbox 288 1211 328 1283; x_wconf 92' lang='lat' dir='ltr'>in</span> <span class='ocrx_word' id='word_1_43' title='bbox 353 1211 491 1285; x_wconf 85' lang='lat' dir='ltr'>deliciis</span> <span class='ocrx_word' id='word_1_44' title='bbox 518 1211 679 1285; x_wconf 91' lang='lat' dir='ltr'>habebat</span> <span class='ocrx_word' id='word_1_45' title='bbox 701 1225 719 1303; x_wconf 79' lang='grc' dir='ltr'><em>ἡ</em></span> <span class='ocrx_word' id='word_1_46' title='bbox 742 1224 963 1304; x_wconf 66' lang='grc' dir='ltr'>Κυπρογενεία,</span> <span class='ocrx_word' id='word_1_47' title='bbox 987 1213 1159 1308; x_wconf 85' lang='lat' dir='ltr'>quocirca</span> <span class='ocrx_word' id='word_1_48' title='bbox 1188 1215 1223 1285; x_wconf 96' lang='lat' dir='ltr'>in</span> <span class='ocrx_word' id='word_1_49' title='bbox 1251 1215 1356 1286; x_wconf 88' lang='lat' dir='ltr'>editis</span> 
     </span>
     <span class='ocr_line' id='line_1_8' title="bbox 186 1332 1356 1436; baseline 0.003 -28"><span class='ocrx_word' id='word_1_50' title='bbox 186 1336 287 1408; x_wconf 89' lang='lat' dir='ltr'>ldalii</span> <span class='ocrx_word' id='word_1_51' title='bbox 315 1337 413 1410; x_wconf 89' lang='lat' dir='ltr'>silvis</span> <span class='ocrx_word' id='word_1_52' title='bbox 431 1332 465 1434; x_wconf 81' lang='lat'>³),</span> <span class='ocrx_word' id='word_1_53' title='bbox 493 1336 528 1408; x_wconf 91' lang='lat' dir='ltr'>in</span> <span class='ocrx_word' id='word_1_54' title='bbox 558 1338 707 1410; x_wconf 92' lang='lat' dir='ltr'>Pedalio</span> <span class='ocrx_word' id='word_1_55' title='bbox 727 1333 752 1435; x_wconf 63' lang='grc'>4)</span> <span class='ocrx_word' id='word_1_56' title='bbox 780 1338 816 1409; x_wconf 91' lang='lat' dir='ltr'>in</span> <span class='ocrx_word' id='word_1_57' title='bbox 844 1337 1024 1435; x_wconf 89' lang='lat' dir='ltr'>Zephyrio</span> <span class='ocrx_word' id='word_1_58' title='bbox 1043 1334 1069 1436; x_wconf 83' lang='lat'>⁵)</span> <span class='ocrx_word' id='word_1_59' title='bbox 1088 1338 1356 1432; x_wconf 70' lang='lat' dir='ltr'>promontoriis</span> 
     </span>
     <span class='ocr_line' id='line_1_9' title="bbox 185 1467 712 1550; baseline 0.009 -21"><span class='ocrx_word' id='word_1_60' title='bbox 185 1467 370 1550; x_wconf 76' lang='grc' dir='ltr'><strong><em>Ἀφροδίσια</em></strong></span> <span class='ocrx_word' id='word_1_61' title='bbox 393 1475 496 1535; x_wconf 76' lang='lat' dir='ltr'>erant</span> <span class='ocrx_word' id='word_1_62' title='bbox 522 1475 712 1534; x_wconf 73' lang='lat' dir='ltr'>exstructa.</span> 
     </span>
    </p>

    <p class='ocr_par' dir='ltr' id='par_1_3' title="bbox 184 1587 1460 2683">
     <span class='ocr_line' id='line_1_10' title="bbox 239 1587 1357 1684; baseline 0.002 -25"><span class='ocrx_word' id='word_1_63' title='bbox 239 1587 350 1678; x_wconf 76' lang='lat' dir='ltr'>Quod</span> <span class='ocrx_word' id='word_1_64' title='bbox 387 1600 507 1660; x_wconf 88' lang='lat' dir='ltr'>autem</span> <span class='ocrx_word' id='word_1_65' title='bbox 546 1613 567 1659; x_wconf 91' lang='lat' dir='ltr'>e</span> <span class='ocrx_word' id='word_1_66' title='bbox 594 1587 897 1681; x_wconf 89' lang='lat' dir='ltr'>praecedentibus</span> <span class='ocrx_word' id='word_1_67' title='bbox 925 1603 1077 1684; x_wconf 86' lang='lat' dir='ltr'>apparet</span> <span class='ocrx_word' id='word_1_68' title='bbox 1104 1588 1357 1684; x_wconf 91' lang='lat' dir='ltr'>promontoria</span> 
     </span>
     <span class='ocr_line' id='line_1_11' title="bbox 185 1711 1356 1808; baseline 0.001 -24"><span class='ocrx_word' id='word_1_69' title='bbox 185 1737 273 1807; x_wconf 91' lang='lat' dir='ltr'>prae</span> <span class='ocrx_word' id='word_1_70' title='bbox 310 1713 438 1785; x_wconf 89' lang='lat' dir='ltr'>ceteris</span> <span class='ocrx_word' id='word_1_71' title='bbox 473 1711 562 1784; x_wconf 91' lang='lat' dir='ltr'>locis</span> <span class='ocrx_word' id='word_1_72' title='bbox 599 1726 685 1808; x_wconf 92' lang='lat' dir='ltr'>apta</span> <span class='ocrx_word' id='word_1_73' title='bbox 721 1712 798 1784; x_wconf 91' lang='lat' dir='ltr'>visa</span> <span class='ocrx_word' id='word_1_74' title='bbox 830 1737 910 1785; x_wconf 89' lang='lat' dir='ltr'>esse</span> <span class='ocrx_word' id='word_1_75' title='bbox 937 1714 985 1784; x_wconf 91' lang='lat' dir='ltr'>ad</span> <span class='ocrx_word' id='word_1_76' title='bbox 1013 1714 1120 1785; x_wconf 89' lang='lat' dir='ltr'>deam</span> <span class='ocrx_word' id='word_1_77' title='bbox 1155 1714 1356 1798; x_wconf 90' lang='lat' dir='ltr'>colendam,</span> 
     </span>
     <span class='ocr_line' id='line_1_12' title="bbox 186 1836 1356 1934; baseline 0.003 -27"><span class='ocrx_word' id='word_1_78' title='bbox 186 1837 222 1908; x_wconf 91' lang='lat' dir='ltr'>id</span> <span class='ocrx_word' id='word_1_79' title='bbox 260 1836 368 1909; x_wconf 89' lang='lat' dir='ltr'>etiam</span> <span class='ocrx_word' id='word_1_80' title='bbox 397 1836 528 1909; x_wconf 91' lang='lat' dir='ltr'>clarius</span> <span class='ocrx_word' id='word_1_81' title='bbox 560 1837 723 1932; x_wconf 87' lang='lat' dir='ltr'>perlucet</span> <span class='ocrx_word' id='word_1_82' title='bbox 750 1862 795 1909; x_wconf 85' lang='lat' dir='ltr'>ex</span> <span class='ocrx_word' id='word_1_83' title='bbox 822 1836 863 1909; x_wconf 92' lang='lat' dir='ltr'>iis</span> <span class='ocrx_word' id='word_1_84' title='bbox 888 1844 1078 1929; x_wconf 76' lang='grc' dir='ltr'><em>Ἀφροδίτης</em></span> <span class='ocrx_word' id='word_1_85' title='bbox 1102 1839 1266 1924; x_wconf 91' lang='lat' dir='ltr'>cultibus,</span> <span class='ocrx_word' id='word_1_86' title='bbox 1295 1839 1356 1934; x_wconf 85' lang='lat' dir='ltr'>qui</span> 
     </span>
     <span class='ocr_line' id='line_1_13' title="bbox 185 1960 1355 2050; baseline 0.003 -17"><span class='ocrx_word' id='word_1_87' title='bbox 185 1963 232 2034; x_wconf 88' lang='lat' dir='ltr'>ab</span> <span class='ocrx_word' id='word_1_88' title='bbox 269 1964 397 2034; x_wconf 82' lang='lat' dir='ltr'>Aenea</span> <span class='ocrx_word' id='word_1_89' title='bbox 425 1961 572 2035; x_wconf 88' lang='lat' dir='ltr'>instituti</span> <span class='ocrx_word' id='word_1_90' title='bbox 606 1987 685 2035; x_wconf 89' lang='lat' dir='ltr'>esse</span> <span class='ocrx_word' id='word_1_91' title='bbox 716 1960 932 2034; x_wconf 82' lang='lat' dir='ltr'>ferebantur.</span> <span class='ocrx_word' id='word_1_92' title='bbox 964 1964 1110 2036; x_wconf 86' lang='lat' dir='ltr'>Aeneas</span> <span class='ocrx_word' id='word_1_93' title='bbox 1138 1964 1243 2050; x_wconf 88' lang='lat' dir='ltr'>enim,</span> <span class='ocrx_word' id='word_1_94' title='bbox 1272 1990 1355 2037; x_wconf 91' lang='lat' dir='ltr'>cum</span> 
     </span>
     <span class='ocr_line' id='line_1_14' title="bbox 185 2086 1460 2188; baseline 0.004 -31"><span class='ocrx_word' id='word_1_95' title='bbox 185 2086 333 2158; x_wconf 88' lang='lat' dir='ltr'>Troiam</span> <span class='ocrx_word' id='word_1_96' title='bbox 363 2088 491 2158; x_wconf 91' lang='lat' dir='ltr'>urbem</span> <span class='ocrx_word' id='word_1_97' title='bbox 521 2113 542 2159; x_wconf 87' lang='lat' dir='ltr'>a</span> <span class='ocrx_word' id='word_1_98' title='bbox 562 2088 712 2161; x_wconf 89' lang='lat' dir='ltr'>Graecis</span> <span class='ocrx_word' id='word_1_99' title='bbox 732 2087 915 2161; x_wconf 88' lang='lat' dir='ltr'>incensam</span> <span class='ocrx_word' id='word_1_100' title='bbox 936 2087 1146 2181; x_wconf 73' lang='lat' dir='ltr'>reliquisset</span> <span class='ocrx_word' id='word_1_101' title='bbox 1164 2103 1204 2188; x_wconf 86' lang='lat' dir='ltr'>ut</span> <span class='ocrx_word' id='word_1_102' title='bbox 1222 2114 1354 2162; x_wconf 92' lang='lat' dir='ltr'>novam</span> <span class='ocrx_word' id='word_1_103' title='bbox 1456 2138 1460 2144; x_wconf 91' lang='lat'>-</span> 
     </span>
     <span class='ocr_line' id='line_1_15' title="bbox 185 2212 1357 2307; baseline 0.004 -25"><span class='ocrx_word' id='word_1_104' title='bbox 185 2212 338 2306; x_wconf 88' lang='lat' dir='ltr'>patriam</span> <span class='ocrx_word' id='word_1_105' title='bbox 385 2227 583 2306; x_wconf 86' lang='lat' dir='ltr'>quaereret,</span> <span class='ocrx_word' id='word_1_106' title='bbox 629 2237 864 2307; x_wconf 86' lang='lat' dir='ltr'>quocumque</span> <span class='ocrx_word' id='word_1_107' title='bbox 910 2213 1062 2285; x_wconf 92' lang='lat' dir='ltr'>navibus</span> <span class='ocrx_word' id='word_1_108' title='bbox 1095 2213 1357 2287; x_wconf 89' lang='lat' dir='ltr'>circumerrans</span> 
     </span>
     <span class='ocr_line' id='line_1_16' title="bbox 184 2330 1357 2431; baseline 0.004 -24"><span class='ocrx_word' id='word_1_109' title='bbox 184 2336 403 2431; x_wconf 74' lang='lat' dir='ltr'>appulserat,</span> <span class='ocrx_word' id='word_1_110' title='bbox 445 2337 479 2408; x_wconf 90' lang='lat' dir='ltr'>in</span> <span class='ocrx_word' id='word_1_111' title='bbox 521 2337 703 2410; x_wconf 88' lang='lat' dir='ltr'>littoribus</span> <span class='ocrx_word' id='word_1_112' title='bbox 746 2337 850 2409; x_wconf 93' lang='lat' dir='ltr'>matri</span> <span class='ocrx_word' id='word_1_113' title='bbox 879 2330 1007 2409; x_wconf 84' lang='lat' dir='ltr'>aedem</span> <span class='ocrx_word' id='word_1_114' title='bbox 1036 2363 1177 2410; x_wconf 92' lang='lat' dir='ltr'>sacram</span> <span class='ocrx_word' id='word_1_115' title='bbox 1202 2338 1357 2412; x_wconf 85' lang='lat' dir='ltr'>erexisse</span> 
     </span>
     <span class='ocr_line' id='line_1_17' title="bbox 185 2461 1356 2560; baseline 0.004 -28"><span class='ocrx_word' id='word_1_116' title='bbox 185 2461 383 2534; x_wconf 87' lang='lat' dir='ltr'>dicebatur.</span> <span class='ocrx_word' id='word_1_117' title='bbox 430 2463 519 2535; x_wconf 90' lang='lat' dir='ltr'>lnde</span> <span class='ocrx_word' id='word_1_118' title='bbox 565 2487 682 2556; x_wconf 89' lang='lat' dir='ltr'>usque</span> <span class='ocrx_word' id='word_1_119' title='bbox 727 2463 775 2535; x_wconf 95' lang='lat' dir='ltr'>ad</span> <span class='ocrx_word' id='word_1_120' title='bbox 822 2462 991 2560; x_wconf 91' lang='lat' dir='ltr'>Dionysii</span> <span class='ocrx_word' id='word_1_121' title='bbox 1023 2463 1356 2537; x_wconf 87' lang='lat' dir='ltr'>Halicarnassensis</span> 
     </span>
     <span class='ocr_line' id='line_1_18' title="bbox 185 2586 1357 2683; baseline 0.003 -25"><span class='ocrx_word' id='word_1_122' title='bbox 185 2599 339 2659; x_wconf 90' lang='lat' dir='ltr'>aetatem</span> <span class='ocrx_word' id='word_1_123' title='bbox 374 2586 490 2660; x_wconf 86' lang='lat' dir='ltr'>ubivis</span> <span class='ocrx_word' id='word_1_124' title='bbox 519 2588 553 2659; x_wconf 94' lang='lat' dir='ltr'>in</span> <span class='ocrx_word' id='word_1_125' title='bbox 583 2587 735 2683; x_wconf 87' lang='lat' dir='ltr'>rupibus</span> <span class='ocrx_word' id='word_1_126' title='bbox 764 2589 799 2658; x_wconf 93' lang='lat' dir='ltr'>in</span> <span class='ocrx_word' id='word_1_127' title='bbox 830 2612 929 2660; x_wconf 89' lang='lat' dir='ltr'>mare</span> <span class='ocrx_word' id='word_1_128' title='bbox 956 2587 1244 2683; x_wconf 91' lang='lat' dir='ltr'>prominentibus</span> <span class='ocrx_word' id='word_1_129' title='bbox 1273 2588 1357 2661; x_wconf 88' lang='lat' dir='ltr'>lana</span> 
     </span>
    </p>
   </div>
   <div class='ocr_carea' id='block_1_3' title="bbox 183 2709 1357 3185">
    <p class='ocr_par' dir='ltr' id='par_1_4' title="bbox 183 2709 1357 3185">
     <span class='ocr_line' id='line_1_19' title="bbox 184 2709 1355 2811; baseline 0.003 -28"><span class='ocrx_word' id='word_1_130' title='bbox 184 2724 286 2783; x_wconf 90' lang='lat' dir='ltr'>erant</span> <span class='ocrx_word' id='word_1_131' title='bbox 319 2719 510 2802; x_wconf 76' lang='grc' dir='ltr'><em>Ἀφροδίτης</em></span> <span class='ocrx_word' id='word_1_132' title='bbox 544 2719 708 2795; x_wconf 68' lang='grc' dir='ltr'><strong><em>Αἰνειάδος</em></strong></span> <span class='ocrx_word' id='word_1_133' title='bbox 735 2709 769 2811; x_wconf 72' lang='grc'>6).</span> <span class='ocrx_word' id='word_1_134' title='bbox 799 2713 839 2783; x_wconf 93' lang='lat' dir='ltr'>ln</span> <span class='ocrx_word' id='word_1_135' title='bbox 868 2737 997 2785; x_wconf 91' lang='lat' dir='ltr'>eorum</span> <span class='ocrx_word' id='word_1_136' title='bbox 1027 2739 1175 2809; x_wconf 88' lang='lat' dir='ltr'>quoque</span> <span class='ocrx_word' id='word_1_137' title='bbox 1203 2740 1355 2789; x_wconf 90' lang='lat' dir='ltr'>numero</span> 
     </span>
     <span class='ocr_line' id='line_1_20' title="bbox 183 2837 1357 2934; baseline 0.005 -28"><span class='ocrx_word' id='word_1_138' title='bbox 183 2843 375 2928; x_wconf 70' lang='grc' dir='ltr'><em>Ἀφροδίτης</em></span> <span class='ocrx_word' id='word_1_139' title='bbox 398 2848 557 2934; x_wconf 55' lang='lat' dir='ltr'>‘Equitum</span> <span class='ocrx_word' id='word_1_140' title='bbox 580 2847 656 2929; x_wconf 63' lang='grc' dir='ltr'><strong><em>ἱερόν</em></strong></span> <span class='ocrx_word' id='word_1_141' title='bbox 679 2837 913 2912; x_wconf 79' lang='lat' dir='ltr'>referendum</span> <span class='ocrx_word' id='word_1_142' title='bbox 942 2853 1004 2924; x_wconf 88' lang='lat' dir='ltr'>est,</span> <span class='ocrx_word' id='word_1_143' title='bbox 1033 2840 1134 2933; x_wconf 87' lang='lat' dir='ltr'>quod</span> <span class='ocrx_word' id='word_1_144' title='bbox 1163 2840 1197 2911; x_wconf 90' lang='lat' dir='ltr'>in</span> <span class='ocrx_word' id='word_1_145' title='bbox 1213 2839 1357 2913; x_wconf 87' lang='lat' dir='ltr'>Siciliae</span> 
     </span>
     <span class='ocr_line' id='line_1_21' title="bbox 185 2962 1357 3059; baseline 0.004 -27"><span class='ocrx_word' id='word_1_146' title='bbox 185 2974 308 3033; x_wconf 92' lang='lat' dir='ltr'>monte</span> <span class='ocrx_word' id='word_1_147' title='bbox 337 2962 457 3059; x_wconf 89' lang='lat' dir='ltr'>Eryce</span> <span class='ocrx_word' id='word_1_148' title='bbox 485 2988 601 3056; x_wconf 80' lang='lat' dir='ltr'>usque</span> <span class='ocrx_word' id='word_1_149' title='bbox 621 2962 910 3035; x_wconf 82' lang='lat' dir='ltr'>a&#39;remotissimis</span> <span class='ocrx_word' id='word_1_150' title='bbox 933 2964 1160 3059; x_wconf 90' lang='lat' dir='ltr'>temporibus</span> <span class='ocrx_word' id='word_1_151' title='bbox 1179 2967 1357 3048; x_wconf 85' lang='lat' dir='ltr'>exstabat;</span> 
     </span>
     <span class='ocr_line' id='line_1_22' title="bbox 184 3087 1355 3185; baseline 0.003 -28"><span class='ocrx_word' id='word_1_152' title='bbox 184 3087 285 3179; x_wconf 85' lang='lat' dir='ltr'>quod</span> <span class='ocrx_word' id='word_1_153' title='bbox 326 3112 471 3159; x_wconf 92' lang='lat' dir='ltr'>sacrum</span> <span class='ocrx_word' id='word_1_154' title='bbox 513 3089 660 3161; x_wconf 79' lang='lat' dir='ltr'>Aeneas</span> <span class='ocrx_word' id='word_1_155' title='bbox 702 3087 798 3174; x_wconf 90' lang='lat' dir='ltr'>olim,</span> <span class='ocrx_word' id='word_1_156' title='bbox 835 3102 920 3183; x_wconf 91' lang='lat' dir='ltr'>post</span> <span class='ocrx_word' id='word_1_157' title='bbox 955 3089 1107 3185; x_wconf 82' lang='lat' dir='ltr'>longum</span> <span class='ocrx_word' id='word_1_158' title='bbox 1146 3114 1292 3162; x_wconf 90' lang='lat' dir='ltr'>cursum</span> <span class='ocrx_word' id='word_1_159' title='bbox 1321 3090 1355 3160; x_wconf 91' lang='lat' dir='ltr'>in</span> 
     </span>
    </p>
   </div>
   <div class='ocr_carea' id='block_1_4' title="bbox 182 3333 1357 4300">
    <p class='ocr_par' dir='ltr' id='par_1_5' title="bbox 222 3333 652 3411">
     <span class='ocr_line' id='line_1_23' title="bbox 222 3333 652 3411; baseline 0 -28"><span class='ocrx_word' id='word_1_160' title='bbox 222 3333 246 3402; x_wconf 89' lang='lat'>1)</span> <span class='ocrx_word' id='word_1_161' title='bbox 265 3336 304 3385; x_wconf 85' lang='lat' dir='ltr'>Cl.</span> <span class='ocrx_word' id='word_1_162' title='bbox 325 3336 436 3401; x_wconf 87' lang='lat' dir='ltr'>Hesych.</span> <span class='ocrx_word' id='word_1_163' title='bbox 456 3353 476 3386; x_wconf 89' lang='lat' dir='ltr'>s.</span> <span class='ocrx_word' id='word_1_164' title='bbox 495 3354 520 3386; x_wconf 89' lang='lat' dir='ltr'>v.</span> <span class='ocrx_word' id='word_1_165' title='bbox 539 3339 652 3411; x_wconf 67' lang='grc' dir='ltr'>Ἀκρὶη,</span> 
     </span>
    </p>

    <p class='ocr_par' dir='ltr' id='par_1_6' title="bbox 221 3430 580 3497">
     <span class='ocr_line' id='line_1_24' title="bbox 221 3430 580 3497; baseline 0.008 -18"><span class='ocrx_word' id='word_1_166' title='bbox 221 3430 247 3497; x_wconf 87' lang='lat'>2)</span> <span class='ocrx_word' id='word_1_167' title='bbox 267 3432 307 3481; x_wconf 83' lang='lat' dir='ltr'>Cf.</span> <span class='ocrx_word' id='word_1_168' title='bbox 327 3432 409 3481; x_wconf 81' lang='lat' dir='ltr'>Strab.</span> <span class='ocrx_word' id='word_1_169' title='bbox 428 3434 499 3481; x_wconf 87' lang='lat' dir='ltr'>XIV</span> <span class='ocrx_word' id='word_1_170' title='bbox 518 3432 580 3483; x_wconf 82' lang='lat'><strong>682.</strong></span> 
     </span>
    </p>

    <p class='ocr_par' dir='ltr' id='par_1_7' title="bbox 219 3521 1356 3586">
     <span class='ocr_line' id='line_1_25' title="bbox 219 3521 1356 3586; baseline 0.004 -18"><span class='ocrx_word' id='word_1_171' title='bbox 219 3522 247 3583; x_wconf 80' lang='lat'>3)</span> <span class='ocrx_word' id='word_1_172' title='bbox 266 3522 305 3569; x_wconf 83' lang='lat' dir='ltr'>Ct.</span> <span class='ocrx_word' id='word_1_173' title='bbox 325 3522 402 3583; x_wconf 85' lang='lat' dir='ltr'>Verg.</span> <span class='ocrx_word' id='word_1_174' title='bbox 422 3522 435 3568; x_wconf 95' lang='grc' dir='ltr'><strong>Ι</strong></span> <span class='ocrx_word' id='word_1_175' title='bbox 454 3521 506 3570; x_wconf 91' lang='grc' dir='ltr'>68ο</span> <span class='ocrx_word' id='word_1_176' title='bbox 524 3539 561 3585; x_wconf 91' lang='lat' dir='ltr'>sq.</span> <span class='ocrx_word' id='word_1_177' title='bbox 576 3524 604 3570; x_wconf 86' lang='lat' dir='ltr'>X</span> <span class='ocrx_word' id='word_1_178' title='bbox 616 3534 646 3586; x_wconf 85' lang='lat'>5¹</span> <span class='ocrx_word' id='word_1_179' title='bbox 659 3538 697 3586; x_wconf 90' lang='lat' dir='ltr'>sq.</span> <span class='ocrx_word' id='word_1_180' title='bbox 711 3524 816 3576; x_wconf 82' lang='lat' dir='ltr'>Theocr.</span> <span class='ocrx_word' id='word_1_181' title='bbox 829 3526 885 3573; x_wconf 87' lang='lat' dir='ltr'>XV</span> <span class='ocrx_word' id='word_1_182' title='bbox 900 3537 956 3573; x_wconf 84' lang='lat' dir='ltr'>roo.</span> <span class='ocrx_word' id='word_1_183' title='bbox 968 3523 1058 3573; x_wconf 82' lang='lat' dir='ltr'>Catuli.</span> <span class='ocrx_word' id='word_1_184' title='bbox 1071 3523 1158 3585; x_wconf 82' lang='lat'>36,12.</span> <span class='ocrx_word' id='word_1_185' title='bbox 1170 3522 1257 3586; x_wconf 83' lang='lat'>61‚74.</span> <span class='ocrx_word' id='word_1_186' title='bbox 1269 3523 1356 3586; x_wconf 80' lang='lat'><strong>64‚‹)6.</strong></span> 
     </span>
    </p>

    <p class='ocr_par' dir='ltr' id='par_1_8' title="bbox 182 3610 1357 4032">
     <span class='ocr_line' id='line_1_26' title="bbox 218 3610 1356 3679; baseline 0.004 -21"><span class='ocrx_word' id='word_1_187' title='bbox 218 3613 295 3658; x_wconf 89' lang='lat' dir='ltr'>Anno</span> <span class='ocrx_word' id='word_1_188' title='bbox 324 3610 389 3671; x_wconf 80' lang='lat'>1876</span> <span class='ocrx_word' id='word_1_189' title='bbox 409 3612 445 3659; x_wconf 91' lang='lat' dir='ltr'>R.</span> <span class='ocrx_word' id='word_1_190' title='bbox 465 3612 500 3659; x_wconf 92' lang='lat' dir='ltr'>H.</span> <span class='ocrx_word' id='word_1_191' title='bbox 521 3612 592 3674; x_wconf 83' lang='lat' dir='ltr'>Lang</span> <span class='ocrx_word' id='word_1_192' title='bbox 610 3612 635 3660; x_wconf 91' lang='lat' dir='ltr'>in</span> <span class='ocrx_word' id='word_1_193' title='bbox 655 3613 734 3661; x_wconf 85' lang='lat' dir='ltr'>insula</span> <span class='ocrx_word' id='word_1_194' title='bbox 753 3614 838 3679; x_wconf 87' lang='lat' dir='ltr'>Cypro</span> <span class='ocrx_word' id='word_1_195' title='bbox 858 3614 918 3673; x_wconf 81' lang='lat' dir='ltr'>loca,</span> <span class='ocrx_word' id='word_1_196' title='bbox 939 3631 1003 3679; x_wconf 78' lang='lat' dir='ltr'>pago</span> <span class='ocrx_word' id='word_1_197' title='bbox 1026 3613 1115 3675; x_wconf 82' lang='lat' dir='ltr'>„Dali”</span> <span class='ocrx_word' id='word_1_198' title='bbox 1137 3613 1283 3671; x_wconf 83' lang='lat' dir='ltr'>adiacentia,</span> <span class='ocrx_word' id='word_1_199' title='bbox 1303 3630 1356 3678; x_wconf 89' lang='lat' dir='ltr'>per·</span> 
     </span>
     <span class='ocr_line' id='line_1_27' title="bbox 183 3701 1357 3766; baseline 0.003 -18"><span class='ocrx_word' id='word_1_200' title='bbox 183 3708 304 3748; x_wconf 86' lang='lat' dir='ltr'>scrutatus</span> <span class='ocrx_word' id='word_1_201' title='bbox 322 3707 368 3748; x_wconf 84' lang='lat' dir='ltr'>est.</span> <span class='ocrx_word' id='word_1_202' title='bbox 396 3701 481 3747; x_wconf 83' lang='lat' dir='ltr'>Aedes</span> <span class='ocrx_word' id='word_1_203' title='bbox 500 3716 567 3748; x_wconf 86' lang='lat' dir='ltr'>sacra</span> <span class='ocrx_word' id='word_1_204' title='bbox 586 3701 620 3748; x_wconf 88' lang='lat' dir='ltr'>ibi</span> <span class='ocrx_word' id='word_1_205' title='bbox 639 3701 671 3750; x_wconf 87' lang='lat' dir='ltr'>ab</span> <span class='ocrx_word' id='word_1_206' title='bbox 690 3718 720 3749; x_wconf 92' lang='lat' dir='ltr'>eo</span> <span class='ocrx_word' id='word_1_207' title='bbox 739 3701 832 3751; x_wconf 85' lang='lat' dir='ltr'>effossa</span> <span class='ocrx_word' id='word_1_208' title='bbox 845 3712 891 3761; x_wconf 88' lang='lat' dir='ltr'>cst,</span> <span class='ocrx_word' id='word_1_209' title='bbox 912 3719 986 3766; x_wconf 83' lang='lat' dir='ltr'>quom</span> <span class='ocrx_word' id='word_1_210' title='bbox 1007 3702 1066 3750; x_wconf 90' lang='lat' dir='ltr'>olim</span> <span class='ocrx_word' id='word_1_211' title='bbox 1087 3701 1245 3766; x_wconf 81' lang='lat' dir='ltr'>Aplrroditac</span> <span class='ocrx_word' id='word_1_212' title='bbox 1264 3702 1357 3751; x_wconf 84' lang='lat' dir='ltr'>Idaliae</span> 
     </span>
     <span class='ocr_line' id='line_1_28' title="bbox 182 3789 1356 3855; baseline 0.003 -18"><span class='ocrx_word' id='word_1_213' title='bbox 182 3789 285 3853; x_wconf 83' lang='lat' dir='ltr'>aliisque</span> <span class='ocrx_word' id='word_1_214' title='bbox 305 3789 446 3837; x_wconf 90' lang='lat' dir='ltr'>numinibus</span> <span class='ocrx_word' id='word_1_215' title='bbox 466 3799 635 3838; x_wconf 85' lang='lat' dir='ltr'>consecratam</span> <span class='ocrx_word' id='word_1_216' title='bbox 655 3791 730 3838; x_wconf 81' lang='lat' dir='ltr'>luisse</span> <span class='ocrx_word' id='word_1_217' title='bbox 750 3801 830 3855; x_wconf 87' lang='lat' dir='ltr'>putat.</span> <span class='ocrx_word' id='word_1_218' title='bbox 851 3791 889 3840; x_wconf 85' lang='lat' dir='ltr'>Cf.</span> <span class='ocrx_word' id='word_1_219' title='bbox 903 3792 938 3842; x_wconf 90' lang='lat' dir='ltr'>R.</span> <span class='ocrx_word' id='word_1_220' title='bbox 951 3794 986 3840; x_wconf 84' lang='lat' dir='ltr'>H.</span> <span class='ocrx_word' id='word_1_221' title='bbox 998 3793 1076 3854; x_wconf 74' lang='lat' dir='ltr'>Lang,</span> <span class='ocrx_word' id='word_1_222' title='bbox 1089 3792 1239 3848; x_wconf 82' lang='lat' dir='ltr'>„Narrative</span> <span class='ocrx_word' id='word_1_223' title='bbox 1252 3792 1281 3839; x_wconf 84' lang='lat' dir='ltr'>os</span> <span class='ocrx_word' id='word_1_224' title='bbox 1288 3808 1356 3840; x_wconf 82' lang='lat' dir='ltr'>exca-</span> 
     </span>
     <span class='ocr_line' id='line_1_29' title="bbox 182 3877 1356 3946; baseline 0.004 -21"><span class='ocrx_word' id='word_1_225' title='bbox 182 3880 279 3927; x_wconf 87' lang='lat' dir='ltr'>vations</span> <span class='ocrx_word' id='word_1_226' title='bbox 308 3880 331 3926; x_wconf 93' lang='lat' dir='ltr'>in</span> <span class='ocrx_word' id='word_1_227' title='bbox 354 3896 369 3926; x_wconf 83' lang='lat' dir='ltr'>a</span> <span class='ocrx_word' id='word_1_228' title='bbox 389 3878 481 3943; x_wconf 85' lang='lat' dir='ltr'>temple</span> <span class='ocrx_word' id='word_1_229' title='bbox 500 3891 525 3926; x_wconf 85' lang='lat' dir='ltr'>at</span> <span class='ocrx_word' id='word_1_230' title='bbox 544 3879 602 3927; x_wconf 88' lang='lat' dir='ltr'>Dali</span> <span class='ocrx_word' id='word_1_231' title='bbox 623 3877 754 3946; x_wconf 84' lang='lat' dir='ltr'>(Idalium)</span> <span class='ocrx_word' id='word_1_232' title='bbox 774 3883 798 3945; x_wconf 85' lang='lat' dir='ltr'>in</span> <span class='ocrx_word' id='word_1_233' title='bbox 819 3882 944 3946; x_wconf 86' lang='lat' dir='ltr'>Cyprus.”</span> <span class='ocrx_word' id='word_1_234' title='bbox 964 3883 1092 3929; x_wconf 85' lang='lat' dir='ltr'>Transact.</span> <span class='ocrx_word' id='word_1_235' title='bbox 1114 3882 1140 3928; x_wconf 83' lang='lat' dir='ltr'>ol</span> <span class='ocrx_word' id='word_1_236' title='bbox 1159 3880 1201 3929; x_wconf 85' lang='lat' dir='ltr'>the</span> <span class='ocrx_word' id='word_1_237' title='bbox 1220 3881 1287 3945; x_wconf 83' lang='lat' dir='ltr'>royal</span> <span class='ocrx_word' id='word_1_238' title='bbox 1305 3897 1356 3930; x_wconf 91' lang='lat' dir='ltr'>soc.</span> 
     </span>
     <span class='ocr_line' id='line_1_30' title="bbox 183 3967 758 4032; baseline 0.003 -17"><span class='ocrx_word' id='word_1_239' title='bbox 183 3967 211 4015; x_wconf 84' lang='lat' dir='ltr'>of</span> <span class='ocrx_word' id='word_1_240' title='bbox 227 3969 314 4017; x_wconf 87' lang='lat' dir='ltr'>literat.</span> <span class='ocrx_word' id='word_1_241' title='bbox 333 3967 394 4017; x_wconf 91' lang='lat' dir='ltr'>Vol.</span> <span class='ocrx_word' id='word_1_242' title='bbox 413 3968 456 4015; x_wconf 86' lang='lat' dir='ltr'>XI</span> <span class='ocrx_word' id='word_1_243' title='bbox 474 3983 531 4031; x_wconf 88' lang='lat' dir='ltr'>pars</span> <span class='ocrx_word' id='word_1_244' title='bbox 551 3969 562 4014; x_wconf 97' lang='lat' dir='ltr'>I</span> <span class='ocrx_word' id='word_1_245' title='bbox 581 3984 624 4032; x_wconf 85' lang='lat' dir='ltr'>pp.</span> <span class='ocrx_word' id='word_1_246' title='bbox 645 3978 758 4031; x_wconf 80' lang='lat'>30-79.</span> 
     </span>
    </p>

    <p class='ocr_par' dir='ltr' id='par_1_9' title="bbox 218 4057 578 4121">
     <span class='ocr_line' id='line_1_31' title="bbox 218 4057 578 4121; baseline -0.003 -15"><span class='ocrx_word' id='word_1_247' title='bbox 218 4059 246 4121; x_wconf 87' lang='lat'>4)</span> <span class='ocrx_word' id='word_1_248' title='bbox 266 4057 306 4107; x_wconf 85' lang='lat' dir='ltr'>Cr.</span> <span class='ocrx_word' id='word_1_249' title='bbox 325 4057 408 4106; x_wconf 83' lang='lat' dir='ltr'>Strab.</span> <span class='ocrx_word' id='word_1_250' title='bbox 427 4057 497 4106; x_wconf 90' lang='lat' dir='ltr'>XIV</span> <span class='ocrx_word' id='word_1_251' title='bbox 518 4057 578 4105; x_wconf 88' lang='lat'>682.</span> 
     </span>
    </p>

    <p class='ocr_par' dir='ltr' id='par_1_10' title="bbox 219 4146 504 4210">
     <span class='ocr_line' id='line_1_32' title="bbox 219 4146 504 4210; baseline 0 -16"><span class='ocrx_word' id='word_1_252' title='bbox 219 4148 246 4210; x_wconf 83' lang='lat'>5)</span> <span class='ocrx_word' id='word_1_253' title='bbox 266 4147 332 4196; x_wconf 88' lang='lat' dir='ltr'>Ibid.</span> <span class='ocrx_word' id='word_1_254' title='bbox 355 4148 425 4196; x_wconf 88' lang='lat' dir='ltr'>XIV</span> <span class='ocrx_word' id='word_1_255' title='bbox 445 4146 504 4210; x_wconf 83' lang='lat'>683.</span> 
     </span>
    </p>

    <p class='ocr_par' dir='ltr' id='par_1_11' title="bbox 219 4236 717 4300">
     <span class='ocr_line' id='line_1_33' title="bbox 219 4236 717 4300; baseline 0.002 -16"><span class='ocrx_word' id='word_1_256' title='bbox 219 4239 244 4298; x_wconf 84' lang='grc'>6)</span> <span class='ocrx_word' id='word_1_257' title='bbox 263 4236 303 4285; x_wconf 81' lang='lat' dir='ltr'>Cf.</span> <span class='ocrx_word' id='word_1_258' title='bbox 322 4237 399 4286; x_wconf 90' lang='lat' dir='ltr'>Dion.</span> <span class='ocrx_word' id='word_1_259' title='bbox 421 4237 481 4285; x_wconf 88' lang='lat' dir='ltr'>Hal.</span> <span class='ocrx_word' id='word_1_260' title='bbox 500 4236 578 4286; x_wconf 84' lang='lat' dir='ltr'>Arch.</span> <span class='ocrx_word' id='word_1_261' title='bbox 598 4239 610 4284; x_wconf 93' lang='grc' dir='ltr'>Ι</span> <span class='ocrx_word' id='word_1_262' title='bbox 631 4246 717 4300; x_wconf 80' lang='lat'>50,51.</span> 
     </span>
    </p>
   </div>
   <div class='ocr_carea' id='block_1_5' title="bbox 0 0 1550 4942">
    <p class='ocr_par' dir='ltr' id='par_1_12' title="bbox 0 0 1550 4942">
     <span class='ocr_line' id='line_1_34' title="bbox 0 0 1550 4942; baseline 0 0"><span class='ocrx_word' id='word_1_263' title='bbox 0 0 1550 4942; x_wconf 95' lang='lat' dir='ltr'> </span> 
     </span>
    </p>
   </div>
  </div>
 </body>
</html>
