3090 4942
741 385 790 453 42

178 574 354 671 plectitur,
395 576 484 647 dum
526 575 689 670 undique
717 575 826 650 flores
854 576 943 649 varii
971 575 1184 671 viridaeque
1212 575 1350 648 herbae

180 726 200 772 e
228 714 323 772 terra
351 700 508 772 emicant
542 704 563 798 ).

233 825 345 898 Cuius
374 825 589 898 narrationis
617 852 741 899 veram
770 825 1076 922 significationem
1106 826 1244 922 optime
1273 852 1351 922 per-

179 949 297 1045 spexit
321 950 504 1046 Vergilius
520 948 554 1050 2),
577 950 640 1045 qui
654 951 754 1024 hisce
768 951 934 1024 versibus
950 951 1111 1023 imitatur
1127 953 1353 1023 Homerum:

232 1140 328 1210 Tum
357 1151 460 1233 pater
489 1138 719 1234 omnipotens
748 1139 914 1211 fecundis
943 1138 1121 1237 imbribus
1149 1137 1288 1211 Aether

233 1262 409 1358 Coniugis
438 1263 473 1333 in
501 1263 684 1359 gremium
712 1265 828 1336 laetae
856 1264 1045 1336 descendit
1073 1277 1108 1335 et
1137 1288 1264 1335 omnes

233 1389 392 1483 Magnus
421 1388 491 1473 alit,
520 1413 657 1484 magno
687 1389 906 1461 commixtus
935 1413 1098 1484 corpore,
1127 1388 1229 1461 fetus.

232 1595 376 1666 Eodem
406 1594 554 1689 respicit
583 1594 707 1666 fabula
735 1594 781 1666 de
810 1606 881 1677 Διός
906 1607 941 1666 et
963 1604 1067 1686 Ἥρας
1090 1593 1233 1689 nuptiis
1257 1619 1355 1689 quae

179 1720 270 1791 inter
310 1719 499 1814 Argolidis
541 1719 732 1815 indigenas
773 1719 994 1792 tradebatur.
1036 1719 1156 1811 Quam
1191 1718 1352 1791 fabulam

177 1843 392 1916 Aristoteles
434 1857 555 1915 narrat
596 1843 632 1914 in
674 1843 821 1917 scholiis
854 1844 901 1916 ad
928 1843 1165 1916 Theocritum
1194 1844 1265 1915 XV
1294 1849 1353 1934 64.

231 1980 307 2050 Ζιος
336 1968 422 2040 olim
451 1969 650 2064 cupiditate
679 1969 811 2054 uxoris,
840 1969 873 2039 in
896 1983 1019 2042 monte
1039 1971 1159 2041 Prone
1186 1967 1354 2053 sedentis,

178 2107 256 2166 toto
284 2108 433 2189 pectore
456 2093 617 2190 flagrans
641 2095 748 2189 eique
776 2094 1010 2189 supervenire
1025 2094 1185 2190 cupiens
1196 2093 1231 2164 in
1247 2117 1351 2165 avem

179 2219 350 2292 cuculum
379 2245 418 2291 se
446 2219 624 2292 convertit
652 2234 688 2293 et
716 2219 847 2292 furtive
876 2219 911 2291 in
940 2219 1063 2292 uxoris
1091 2218 1248 2315 genibus
1268 2244 1352 2291 con·
1408 2259 1409 2262 ¹

178 2344 309 2429 sidens,
337 2370 418 2417 eam
447 2346 618 2439 amplexu
647 2358 813 2440 occupat.
842 2344 941 2417 Hinc
962 2343 997 2415 in
1011 2343 1203 2440 Argolidis
1219 2356 1351 2428 monte,

179 2469 241 2564 qui
268 2479 387 2562 Θόρναξ
419 2469 495 2542 sive
521 2481 692 2558 Κοκκομον
714 2469 914 2553 dicebatur,
941 2469 1072 2565 Argivi
1093 2495 1169 2542 rem
1189 2469 1351 2541 divinam

179 2594 360 2666 faciebant
396 2606 461 2680 Am
496 2605 585 2689 Ἥρᾳ
617 2575 745 2667 contra
786 2594 822 2666 in
860 2608 984 2667 monte
1022 2594 1193 2690 opposito
1222 2597 1351 2666 Prone.

180 2719 382 2814 Utriusque
418 2719 577 2792 numinis
605 2720 715 2792 aedes
744 2720 936 2815 usquead
965 2719 1168 2793 Pausaniae
1195 2732 1350 2792 aetatem

179 2846 214 2918 in
242 2845 396 2918 summis
425 2844 610 2917 montibus
639 2845 780 2918 exstitit.
810 2846 863 2920 Cf.
892 2848 997 2918 Paus.
1027 2847 1060 2916 ll
1091 2850 1150 2934 36,
1185 2871 1197 2924 1
1232 2871 1285 2940 sq.

224 2973 316 3033 ’Ἐστι
338 2968 364 3031 δ’
399 2965 453 3034 οὖν
473 2969 541 3043 ὁδὸς
561 2975 611 3032 καὶ
636 2972 664 3044 ἔς
688 2973 807 3053 ταύτην
831 2970 901 3054 (τὴν
926 2968 1018 3034 πόλιν
1041 2968 1189 3054 ζΑλίκην)
1229 2983 1285 3033 τοῦ
1319 2995 1350 3032 τι

179 3084 307 3163 Πρωνὸς
334 3079 408 3161 μέση
439 3083 488 3141 καὶ
519 3080 605 3163 ὅρους
632 3080 733 3163 ἑτέρου
764 3082 915 3163 Θόρνακος
939 3077 1127 3160 καλουμένου
1154 3083 1189 3142 τὸ
1214 3083 1347 3164 ἀρχαῖον·

178 3194 241 3253 ἀπὸ
282 3188 312 3252 δὲ
353 3203 406 3272 τῆς
447 3193 518 3262 Διὸς
553 3191 581 3262 ἒς
616 3191 748 3269 κόκκυγα
783 3193 838 3254 τὸν
872 3191 982 3273 ὄρνιθα
1018 3187 1153 3272 ἀλλαγῆς
1191 3187 1350 3271 λεγομένης

177 3302 317 3363 ἐνταῦθα
347 3299 488 3376 γενέσθαι
518 3307 784 3382 μετονομασθῆναι
809 3304 843 3362 τὸ
864 3301 930 3382 ὄρος
959 3301 1059 3380 φασιν.
1084 3302 1166 3382 Ἱερὰ
1191 3296 1222 3361 δὲ
1247 3303 1296 3361 καὶ
1320 3300 1349 3372 ἐς

178 3408 245 3471 τόδε
273 3411 323 3471 ἐπὶ
354 3408 455 3489 ἄκρων
487 3421 549 3472 τῶν
572 3412 658 3491 ὀρῶν,
682 3410 731 3471 ἐπὶ
754 3411 809 3490 μὲν
833 3422 876 3496 τῷ
903 3410 1067 3495 Κοκκυγίῳ
1092 3410 1172 3485 Διός,
1196 3409 1227 3472 ἓν
1251 3407 1281 3470 δὲ
1306 3420 1350 3494 τῷ

178 3522 286 3602 Πρωνί
309 3518 390 3582 ἔστιν
415 3522 528 3601 Ἥρας.

217 3856 238 3914 ι)
248 3852 319 3900 Iliad.
330 3851 413 3916 5346
424 3869 445 3901 c.
456 3870 480 3916 q.
492 3869 512 3902 s.
524 3846 538 3922 ἢ
553 3853 588 3926 ῥα
612 3846 655 3904 μα’
670 3851 757 3927 ἀγκάς
768 3846 892 3928 ’ἔμαρπτε
903 3852 1017 3926 Κρόνου
1029 3855 1093 3914 παῖς
1103 3850 1154 3921 βήν
1167 3854 1348 3926 παράκοιτιν·

356 3949 431 4001 τοῖσι
450 3946 474 3999 δ’
488 3945 542 4001 ὑπὸ
564 3946 643 4014 χθὼν
664 3947 708 4002 δῖα
731 3949 810 4016 ’κύον
831 3948 976 4018 νεοθηλέα
998 3953 1091 4020 κοίην,

359 4041 449 4095 λωτὸν
470 4040 640 4116 ὲῇεροήεντα
662 4039 706 4098 ἰδὲ
728 4048 829 4118 κρόκον
849 4042 891 4115 ἠδ’
914 4041 1053 4101 ῧάκινθον

351 4136 457 4191 πυκνὸν
481 4135 527 4191 καὶ
550 4137 689 4209 μαλακὸν,
711 4139 741 4201 ὅς
762 4138 822 4194 ἀπὸ
842 4138 948 4207 χθονός
971 4138 1056 4210 r‘upo'o'
1076 4133 1170 4216 Ξ-’ξοργο

215 4236 239 4297 2)
265 4235 342 4298 Verg.
363 4235 446 4298 Georg
465 4235 491 4282 11
511 4247 560 4300 325
580 4252 602 4284 e.
621 4252 645 4299 q.
666 4252 685 4286 s.
705 4236 743 4285 Cf.
764 4237 862 4286 Lucrot.
882 4238 895 4284 I
916 4248 966 4300 250
984 4254 1022 4301 sq.
