3090 4942
749 382 794 452 74

183 572 341 646 Siciliam
375 572 580 659 adveniens
609 574 816 648 condidisse
836 572 858 672 ¹)
887 590 949 648 aut
976 576 1104 649 saltem
1134 575 1357 647 instaurasse

184 698 362 793 novisque
389 697 483 770 ludis
511 699 751 773 celebravisse
779 699 961 774 ferebatur
987 698 1022 798 2).

238 823 313 896 Sed
341 822 413 895 iam
442 824 529 896 satis
558 824 604 896 de
631 824 856 920 Aphrodite;
885 826 1111 898 ostendimus
1138 825 1232 898 hanc
1248 826 1357 898 deam

185 949 315 1020 eodem
345 949 468 1034 modo,
496 974 570 1043 quo
599 950 735 1045 Apollo
763 951 923 1023 Artemis
944 951 1180 1036 Britomartis,
1198 975 1359 1046 praeser-

183 1074 248 1145 tim
291 1073 326 1144 in
354 1073 612 1168 promontoriis
641 1089 815 1170 tanquam
844 1101 980 1148 numen
1011 1076 1191 1148 marinum
1221 1076 1366 1147 cultam

185 1197 303 1271 fuisse.
332 1198 437 1290 Quae
465 1225 579 1294 quum
608 1199 658 1272 ita
685 1200 763 1285 sint,
791 1226 900 1273 nemo
920 1201 1110 1272 mirabitur
1124 1199 1192 1297 ipsi
1207 1225 1359 1295 quoque

185 1330 353 1395 Ποσειδῶνι
377 1324 559 1418 permulta
586 1325 839 1419 promontoria
867 1339 1079 1398 consecrata
1107 1324 1217 1398 fuisse
1240 1350 1359 1420 eaque

183 1447 240 1519 vel
270 1473 404 1544 magna
432 1473 477 1520 ex
504 1463 608 1544 parte
636 1449 785 1522 nomina
812 1451 860 1521 ab
888 1450 959 1522 hoc
988 1450 1060 1522 deo
1087 1449 1267 1522 habuisse.

479 1782 541 1852 DE
565 1787 756 1863 Ποσειδῶνος
780 1805 1062 1854 vnuuun'noue

187 2103 189 2106 ’
240 2113 279 2182 ln
321 2110 413 2184 Chio
445 2108 480 2208 ³),
522 2110 557 2181 in
596 2111 709 2183 Samo
737 2107 771 2208 l¹),
809 2111 844 2182 in
883 2111 997 2206 Epiro
1027 2110 1060 2210 ὅ),
1098 2111 1133 2182 in
1170 2111 1359 2184 Thessalia

185 2234 393 2307 Phthiotide
411 2231 445 2332 ὓ),
488 2236 522 2308 ἰη
552 2235 698 2309 Pallene
715 2233 750 2332 Ἰ),
778 2235 813 2307 ἱη
843 2235 967 2308 Cilicia
984 2231 1019 2332 Β),
1048 2235 1154 2309 Caria
1171 2231 1206 2332 ⁹),
1236 2235 1358 2332 Bithy-

186 2360 246 2432 nia
263 2356 311 2457 ¹⁰),
352 2361 387 2432 in
431 2360 593 2433 Lucania
619 2357 667 2458 11),
709 2359 743 2431 in
775 2360 915 2432 Arabia
931 2357 1043 2458 12),.ἱη
1072 2361 1172 2432 omni
1200 2361 1358 2455 denique

187 2487 276 2557 orbe
316 2499 493 2558 terrarum
537 2485 688 2559 Graecis
730 2498 829 2570 noto,
867 2493 1014 2556 Horrida
1051 2486 1127 2558 sive
1165 2491 1372 2556 Ποσειδώνια

187 2610 467 2705 reperiebantur,
508 2611 760 2706 promontoria
801 2610 938 2682 scilicet
971 2617 1141 2683 Henaton
1173 2609 1294 2683 dicata
1320 2622 1357 2682 et

185 2735 285 2806 haud
327 2759 409 2807 raro
447 2736 590 2830 templis
619 2747 801 2807 exornata.
830 2737 870 2806 ln
897 2735 1070 2808 Achaeae
1098 2759 1248 2830 quoque
1275 2759 1358 2830 pro

187 2860 369 2932 montorio
393 2871 470 2955 Ῥίῳ
495 2882 538 2955 τῳ
562 2869 715 2954 Ἀχαιϊκῳ
739 2873 775 2932 et
815 2859 850 2931 in
877 2870 954 2954 Ῥίῳ
968 2880 1012 2952 τῷ
1024 2866 1192 2955 Αἰτωλικῷ
1206 2855 1245 2956 13)
1272 2858 1357 2931 huic

224 3141 249 3202 ι)
269 3140 307 3190 Cf.
327 3140 403 3200 Verg.
422 3139 490 3184 Aen.
508 3136 535 3184 V
555 3134 614 3196 760.
872 3138 899 3199 2)
919 3135 957 3184 Cf.
978 3137 1055 3183 Diod.
1074 3136 1124 3184 Sic.
1144 3136 1184 3184 IV
1204 3135 1247 3198 83.

222 3229 249 3291 3)
269 3229 309 3277 Cf.
328 3226 409 3275 Strab.
429 3226 500 3273 XIV
519 3224 579 3288 645.
599 3223 664 3272 Ptol.
684 3224 710 3272 V
731 3236 798 3286 z‚3o.
871 3227 897 3286 4)
916 3225 956 3274 Cf.
975 3226 1057 3274 Strab.
1076 3225 1146 3273 XIV
1166 3224 1226 3286 637.

223 3318 249 3380 5)
268 3317 307 3366 cf.
327 3316 392 3364 Ibid.
411 3315 465 3363 VII
485 3327 545 3377 324,
564 3313 630 3362 Ptol.
650 3313 691 3360 III
714 3326 780 3375 14‚4.

221 3405 247 3467 6)
267 3407 307 3455 Cf.
326 3405 407 3453 Strab.
427 3404 480 3452 VII
501 3416 560 3465 330.
580 3402 646 3451 Ptol.
666 3403 706 3449 III
729 3411 814 3464 13‚17.

223 3497 249 3559 7)
269 3497 308 3545 Cf.
327 3495 407 3542 Thuc.
426 3494 467 3542 IV
489 3505 547 3553 1²9·
566 3493 622 3542 Liv.
641 3491 735 3540 XLIV
759 3504 799 3539 11.

223 3586 248 3647 8)
268 3584 307 3633 Cf.
326 3582 392 3647 Scyl.
411 3598 462 3647 per.
486 3595 542 3631 102.
562 3584 648 3630 Anon.
667 3580 763 3628 Stadm.
783 3596 816 3629 m.
836 3597 917 3644 magn.
938 3580 952 3644 ξ
976 3591 1033 3643 175.

223 3675 250 3736 9)
269 3673 310 3724 Cf.
328 3673 411 3721 Strab.
429 3672 500 3720 XIV
518 3675 578 3732 633,
599 3669 659 3732 634,
679 3669 739 3732 651,
759 3669 819 3732 658.
838 3672 924 3720 Anon.
944 3670 1016 3718 stad.
1036 3686 1070 3720 m.
1089 3686 1123 3720 m.
1142 3670 1172 3735 ,ἓξ
1192 3680 1251 3732 273,
1275 3680 1334 3734 275.

227 3764 268 3826 10)
288 3763 327 3812 Cf.
346 3762 412 3810 Ptol.
431 3762 472 3809 VI
492 3776 516 3823 4.
535 3759 621 3823 Apoll.
640 3757 695 3807 Rh.
716 3760 776 3820 Arg.
796 3759 809 3805 I
832 3769 906 3821 1279.

226 3856 268 3913 11)
288 3852 327 3901 Cf.
346 3850 428 3899 Strab.
447 3850 488 3898 III
509 3860 567 3913 ²5²·

226 3941 269 4003 12)
289 3941 328 3989 Cf.
347 3940 424 3988 Diod.
444 3939 494 3989 Sic.
513 3939 553 3985 Ill
574 3950 616 4000 4²·
635 3937 717 3986 Strab.
736 3937 807 3984 XVI
827 3936 886 3997 776.
906 3937 972 3986 Ptol.
992 3937 1032 3985 VI
1053 3936 1104 3997 7‚8.

226 4034 265 4093 13)
285 4030 323 4078 Cf.
343 4031 418 4078 PauS.
438 4030 467 4077 X
489 4027 556 4085 ruo.
575 4026 657 4076 Strab.
676 4026 744 4073 VIII
763 4035 823 4088 335.
842 4024 922 4079 Thuc.
942 4027 969 4074 II
990 4025 1059 4090 84,4.
1079 4025 1145 4090 Scyl.
1164 4026 1221 4075 Per.
1241 4035 1284 4089 35.
1302 4024 1358 4074 Pol.

188 4122 213 4169 V
233 4119 302 4183 94,8.
331 4118 417 4181 Vulgo
445 4117 505 4165 illud
532 4118 616 4169 Ῥίον
641 4112 670 4168 τὸ
696 4114 849 4168 Λῑῑολικιῖν
868 4117 1009 4165 nominatur
1030 4113 1060 4169 τὸ
1082 4114 1249 4188 Ἀνιίρριον
1267 4113 1306 4162 vel
1325 4111 1358 4167 τὸ

187 4218 271 4269 Ῥίον
295 4212 324 4268 τὸ
344 4213 535 4287 Μολυκρικόν.
