3106 4942
750 275 800 343 60

189 485 361 580 quocirca
388 485 649 581 promontoria,
677 486 775 558 unde
794 485 829 557 in
845 510 945 557 mare
959 485 1029 557 late
1043 483 1204 581 prospici
1218 483 1361 570 licebat,

188 627 452 706 saepenumero
480 610 642 706 Apollini
671 625 774 683 erant
800 609 970 683 dedicata
987 606 1022 708 1).

243 737 296 807 lta
323 734 359 806 in
387 735 505 821 Acti0,
532 735 761 808 Acarnaniae
788 734 1050 831 promontorio,
1077 734 1254 830 templum
1283 746 1363 806 erat

188 866 395 941 ’Λπόλλωνος
418 882 474 932 τοῦ
497 868 631 932 Ἀκτίου
639 895 650 947 ,·
674 861 770 947 item,
799 860 834 932 in
864 860 982 932 insula
1002 859 1182 945 Leucade,
1199 860 1360 932 Leucate

189 984 480 1080 promontorium
509 990 694 1057 Ἀπόλλωνι
718 995 868 1079 Aeonum
892 985 969 1057 sive
992 992 1113 1079 Ἀκτίῳ
1141 997 1218 1056 erat
1233 1006 1360 1057 conse-

189 1122 339 1182 cratum.
368 1112 456 1182 Duo
475 1109 523 1181 illi
543 1109 661 1181 cultus
676 1122 752 1182 arte
767 1108 859 1182 inter
873 1134 952 1182 sese
967 1109 1163 1182 cohaerere
1177 1097 1360 1194 videntur;

188 1234 332 1329 utrique
374 1235 444 1307 deo
487 1233 586 1307 lestis
614 1233 726 1307 sacris
763 1234 870 1307 ludos
899 1235 1125 1330 peragebant
1152 1233 1360 1308 consimiles

188 1358 391 1454 similiaque
423 1357 601 1432 sacrificia
633 1357 823 1444 faciebant
851 1385 880 1432 e.
898 1385 934 1455 g.
962 1359 1105 1454 utrique
1132 1361 1266 1432 bovem
1296 1358 1360 1430 im-

190 1484 376 1556 molabant
404 1508 548 1556 muscas
576 1483 723 1556 arcendi
752 1479 909 1583 causa2).
935 1486 1133 1557 Leucatam
1148 1497 1360 1580 promonto-

189 1609 282 1680 rium
325 1608 506 1681 lamosum
549 1608 715 1694 reddidit,
757 1610 856 1704 quod
899 1609 1093 1704 quotannis
1129 1609 1268 1705 aliquis,
1300 1608 1359 1682 dei

189 1734 358 1830 expiandi
387 1759 505 1820 causa,
534 1760 556 1806 a
582 1732 735 1806 summis
763 1734 916 1829 rupibus
936 1734 1181 1807 deiiciebatur.
1210 1736 1270 1807 De
1285 1759 1359 1829 quo

189 1860 287 1931 cultu
315 1858 531 1954 perantiquo
551 1859 635 1931 vide
649 1859 767 1931 Strab.
782 1860 818 1931 X
832 1885 854 1950 4
863 1883 880 1951 5
890 1884 920 1945 2,
934 1850 1036 1933 Serv.
1049 1859 1085 1931 in
1099 1861 1191 1932 Aen.
1206 1861 1257 1931 Ill
1276 1880 1360 1950 274.

190 1984 266 2056 Ecl.
294 1985 379 2056 Vlll
412 2006 468 2076 59,
496 1984 534 2057 C.
563 1984 607 2057 Ο.
636 1983 798 2069 Mueller,
827 1986 917 2056 Dor.
946 1986 961 2056 l
989 2008 1057 2074 231
1086 2010 1148 2079 sq,
1177 1984 1359 2081 Toepller,

190 2109 318 2182 Rhein.
347 2111 440 2181 Mus.
470 2104 594 2199 N⁰.43
625 2133 685 2204 pp.
720 2133 934 2202 142—145.
1040 2143 1041 2146 ¹

243 2236 283 2305 ln
315 2233 438 2306 Attica
470 2233 762 2330 promontorium
787 2247 924 2326 Ζωστήρ,
948 2235 983 2306 in
1013 2260 1113 2308 mare
1140 2234 1361 2330 prominenS,

188 2349 395 2440 ’Λπόλλωνος
424 2369 603 2450 Ζωστηρίου
627 2359 721 2430 aede
749 2372 825 2432 erat
853 2359 995 2457 insigne
1013 2358 1048 2460 3).
1078 2362 1212 2456 Neque
1240 2360 1359 2433 solum

188 2495 325 2575 Ζωστήρ,
350 2483 517 2580 Hymetti
546 2483 848 2578 promontorium,
876 2486 941 2558 sed
970 2485 1078 2559 etiam
1108 2485 1186 2582 ipse
1207 2487 1361 2582 Hymet-

187 2622 245 2680 tus
286 2607 449 2703 Apollini
492 2633 625 2680 nomen
668 2610 819 2682 dederat
834 2610 858 2709 4)
900 2611 1007 2706 eique
1034 2636 1139 2684 sacer
1166 2624 1260 2696 erat3
1288 2611 1360 2684 hoc

188 2732 284 2805 enim
326 2733 397 2806 late
440 2758 539 2806 mare
581 2735 848 2830 prospectabat.
899 2736 988 2809 Inde
1025 2735 1250 2832 perspicitur,
1296 2760 1361 2808 cur

228 2940 252 3002 1)
272 2940 303 2987 In
329 2940 428 2988 Africae
455 2956 554 3004 quoque
582 2956 626 2988 ora
654 2941 778 2988 maritima
805 2941 856 2988 duo
881 2939 1007 3004 Apollinis
1026 2941 1199 3005 promontoria
1217 2940 1265 2989 sita
1285 2940 1360 2989 fuisse

188 3030 315 3085 dicuntur3
344 3045 449 3092 quorum
476 3028 581 3077 alterum
609 3045 639 3077 ex
657 3030 762 3078 adverso
780 3030 909 3078 Sardiniae
927 3038 988 3088 erat,
1019 3027 1070 3095 (Cl.
1091 3030 1173 3080 Strab.
1192 3029 1278 3078 XVII
1297 3029 1360 3092 832.

188 3119 245 3167 Liv.
270 3118 361 3165 XXX
390 3131 431 3180 24.
463 3118 592 3167 Plinn.
608 3119 644 3166 H.
664 3119 690 3167 V
709 3130 732 3181 3.
751 3118 846 3167 Melam
864 3119 877 3165 Ι
898 3120 929 3182 7),
949 3119 1054 3167 alterum
1074 3120 1101 3166 in
1119 3119 1284 3169 Mauretania.
1304 3115 1356 3186 (cf.

188 3207 254 3256 Plin.
273 3209 308 3256 N.
319 3208 355 3255 H.
374 3208 400 3255 V
413 3209 446 3267 2.)

225 3299 248 3359 2)
267 3298 307 3344 De
325 3295 445 3360 Apolline
463 3296 490 3345 in
507 3297 663 3346 Acarnaniae
681 3298 853 3361 promontorio
871 3298 946 3356 culto,
959 3297 1015 3345 vide
1026 3297 1109 3347 Strab.
1123 3297 1177 3346 VII
1188 3309 1220 3360 32
1225 3309 1248 3361 5.
1258 3299 1288 3345 X
1300 3308 1360 3362 451.

189 3386 360 3442 Clem.Alcx.,
381 3387 460 3434 Protr.
481 3387 506 3433 II
526 3398 569 3449 39.
597 3387 672 3436 Paus.
692 3387 760 3435 VIII
780 3385 803 3445 8,
827 3399 866 3436 12.
894 3384 925 3436 L.
945 3387 1058 3450 chzey,
1078 3386 1101 3434 le
1120 3394 1191 3435 mont
1209 3386 1317 3451 Olympe
1335 3394 1361 3436 et

189 3475 299 3524 l'Acarn.
318 3491 360 3539 pp.
380 3473 431 3538 386
451 3491 488 3538 sq.

223 3567 263 3613 De
284 3563 448 3617 Ἀπόλλωνι
469 3558 609 3635 Λευκάῑᾳ
629 3565 685 3613 vide
703 3565 801 3614 Aelian.
821 3566 853 3613 de
872 3574 923 3614 nat.
942 3567 1018 3615 anim.
1037 3566 1067 3612 X
1088 3564 1128 3615 18.
1146 3565 1230 3613 Strab.
1249 3566 1279 3612 X
1298 3575 1359 3629 452.

190 3656 266 3706 Phot.
294 3675 313 3708 s.
333 3675 356 3707 v.
385 3655 546 3728 Λευκάῑῃς.
574 3660 653 3709 Thuc.
682 3661 722 3707 III
751 3673 820 3723 94,2.
849 3659 998 3709 Plutarchus
1018 3659 1123 3724 (Pomp.
1144 3655 1188 3725 24)
1207 3659 1359 3708 coniunctim

191 3753 361 3810 Ἀπόλλωνα
382 3754 432 3809 τὸν
451 3753 482 3809 ἐν
504 3755 613 3829 'Antip
635 3750 682 3807 uui
707 3749 843 3809 Λευκάδι
865 3763 1052 3804 commemorat.

225 3850 252 3911 3)
272 3850 312 3898 Cf.
332 3852 441 3915 Hcsych.
461 3869 481 3903 s.
500 3871 524 3902 v.
543 3851 662 3924 Ζωστήρ
690 3850 779 3914 Steph.
798 3852 860 3914 Byz.
880 3867 899 3899 s.
919 3867 941 3897 v.
961 3849 1080 3922 Zuorrjq
1099 3858 1124 3897 et
1144 3846 1265 3923 Ta'yvpu.
1285 3850 1359 3896 Paus.

189 3945 201 3991 Ι
231 3956 299 4005 31,1.
328 3944 423 3995 Callim.
443 3948 472 3996 fr.
491 3963 583 3996 annon.
603 3947 653 4008 Soa
663 3947 711 4006 (ed.
731 3945 891 4007 Schneider.).
912 3945 999 3993 ltaliae
1017 3961 1090 3993 mons
1109 3945 1211 4007 quidam
1231 3941 1360 4016 Zuorq'p,

191 4031 363 4092 Ἀπόλλωνι
391 4044 545 4116 Ζωστηρὶῳ
574 4029 729 4089 consecratus
754 4049 904 4088 memoratur
923 4040 990 4103 apud
1009 4020 1361 4103 Tzeti.adLycophr.1278.

225 4136 250 4198 4)
270 4134 310 4184 Cf.
329 4135 440 4200 Hesych.
459 4152 479 4185 s.
498 4154 521 4185 v.
543 4134 709 4206 ‘'l'pvirrros.
