<?xml version="1.0" encoding="UTF-8"?>
<!DOCTYPE html PUBLIC "-//W3C//DTD XHTML 1.0 Transitional//EN"
    "http://www.w3.org/TR/xhtml1/DTD/xhtml1-transitional.dtd">
<html xmlns="http://www.w3.org/1999/xhtml" xml:lang="en" lang="en">
 <head>
  <title>
</title>
<meta http-equiv="Content-Type" content="text/html;charset=utf-8" />
  <meta name='ocr-system' content='tesseract 3.04.00' />
  <meta name='ocr-capabilities' content='ocr_page ocr_carea ocr_par ocr_line ocrx_word'/>
</head>
<body>
  <div class='ocr_page' id='page_1' title='image "./dediisinlocised00albegoog_0058.png"; bbox 0 0 3090 4942; ppageno 0'>
   <div class='ocr_carea' id='block_1_1' title="bbox 751 378 800 445">
    <p class='ocr_par' dir='ltr' id='par_1_1' title="bbox 751 378 800 445">
     <span class='ocr_line' id='line_1_1' title="bbox 751 378 800 445; baseline 0.02 -1"><span class='ocrx_word' id='word_1_1' title='bbox 751 378 800 445; x_wconf 80' lang='lat'>44</span> 
     </span>
    </p>
   </div>
   <div class='ocr_carea' id='block_1_2' title="bbox 187 568 1415 2640">
    <p class='ocr_par' dir='ltr' id='par_1_2' title="bbox 187 568 1415 2640">
     <span class='ocr_line' id='line_1_2' title="bbox 187 568 1358 663; baseline 0.001 -22"><span class='ocrx_word' id='word_1_2' title='bbox 187 569 389 663; x_wconf 84' lang='lat' dir='ltr'>ritibusque</span> <span class='ocrx_word' id='word_1_3' title='bbox 417 568 656 640; x_wconf 89' lang='lat' dir='ltr'>daedalorum</span> <span class='ocrx_word' id='word_1_4' title='bbox 677 568 794 640; x_wconf 86' lang='lat' dir='ltr'>docet.</span> <span class='ocrx_word' id='word_1_5' title='bbox 809 568 955 660; x_wconf 77' lang='lat' dir='ltr'>Quanta</span> <span class='ocrx_word' id='word_1_6' title='bbox 972 594 1153 640; x_wconf 91' lang='lat' dir='ltr'>annorum</span> <span class='ocrx_word' id='word_1_7' title='bbox 1169 568 1358 643; x_wconf 89' lang='lat' dir='ltr'>intervalla</span> 
     </span>
     <span class='ocr_line' id='line_1_3' title="bbox 191 693 1366 790; baseline 0.001 -26"><span class='ocrx_word' id='word_1_8' title='bbox 191 694 283 765; x_wconf 89' lang='lat' dir='ltr'>inter</span> <span class='ocrx_word' id='word_1_9' title='bbox 317 693 546 790; x_wconf 84' lang='lat' dir='ltr'>singulorum</span> <span class='ocrx_word' id='word_1_10' title='bbox 585 693 760 766; x_wconf 86' lang='lat' dir='ltr'>festorum</span> <span class='ocrx_word' id='word_1_11' title='bbox 799 693 1061 766; x_wconf 81' lang='lat' dir='ltr'>celebrationes</span> <span class='ocrx_word' id='word_1_12' title='bbox 1090 693 1366 781; x_wconf 86' lang='lat' dir='ltr'>intercesserint,</span> 
     </span>
     <span class='ocr_line' id='line_1_4' title="bbox 190 817 1366 914; baseline 0.002 -24"><span class='ocrx_word' id='word_1_13' title='bbox 190 818 298 891; x_wconf 93' lang='lat' dir='ltr'>huius</span> <span class='ocrx_word' id='word_1_14' title='bbox 332 818 381 891; x_wconf 91' lang='lat' dir='ltr'>rei</span> <span class='ocrx_word' id='word_1_15' title='bbox 420 844 550 914; x_wconf 90' lang='lat' dir='ltr'>parum</span> <span class='ocrx_word' id='word_1_16' title='bbox 580 830 788 890; x_wconf 81' lang='lat' dir='ltr'>accuratam</span> <span class='ocrx_word' id='word_1_17' title='bbox 818 817 983 890; x_wconf 89' lang='lat' dir='ltr'>notitiam</span> <span class='ocrx_word' id='word_1_18' title='bbox 1014 818 1203 891; x_wconf 90' lang='lat' dir='ltr'>habemus.</span> <span class='ocrx_word' id='word_1_19' title='bbox 1231 820 1366 892; x_wconf 90' lang='lat' dir='ltr'>Pausa-</span> 
     </span>
     <span class='ocr_line' id='line_1_5' title="bbox 191 942 1364 1038; baseline 0.003 -24"><span class='ocrx_word' id='word_1_20' title='bbox 191 943 268 1016; x_wconf 91' lang='lat' dir='ltr'>nias</span> <span class='ocrx_word' id='word_1_21' title='bbox 328 957 457 1028; x_wconf 91' lang='lat' dir='ltr'>narrat,</span> <span class='ocrx_word' id='word_1_22' title='bbox 499 942 732 1038; x_wconf 90' lang='lat' dir='ltr'>interpretem</span> <span class='ocrx_word' id='word_1_23' title='bbox 786 942 1042 1036; x_wconf 91' lang='lat' dir='ltr'>antiquitatum</span> <span class='ocrx_word' id='word_1_24' title='bbox 1096 943 1364 1017; x_wconf 90' lang='lat' dir='ltr'>Plataeensium</span> 
     </span>
     <span class='ocr_line' id='line_1_6' title="bbox 189 1047 1364 1162; baseline 0.003 -24"><span class='ocrx_word' id='word_1_25' title='bbox 189 1067 323 1140; x_wconf 88' lang='lat' dir='ltr'>dixisse</span> <span class='ocrx_word' id='word_1_26' title='bbox 349 1068 428 1153; x_wconf 90' lang='lat' dir='ltr'>sibi,</span> <span class='ocrx_word' id='word_1_27' title='bbox 456 1068 611 1140; x_wconf 88' lang='lat' dir='ltr'>daedala</span> <span class='ocrx_word' id='word_1_28' title='bbox 640 1067 782 1139; x_wconf 93' lang='lat' dir='ltr'>minora</span> <span class='ocrx_word' id='word_1_29' title='bbox 809 1066 869 1162; x_wconf 86' lang='lat' dir='ltr'>agi</span> <span class='ocrx_word' id='word_1_30' title='bbox 897 1066 1055 1161; x_wconf 89' lang='lat' dir='ltr'>septimo</span> <span class='ocrx_word' id='word_1_31' title='bbox 1083 1047 1233 1161; x_wconf 90' lang='lat' dir='ltr'>quoque</span> <span class='ocrx_word' id='word_1_32' title='bbox 1248 1094 1364 1159; x_wconf 91' lang='lat' dir='ltr'>anno;</span> 
     </span>
     <span class='ocr_line' id='line_1_7' title="bbox 190 1189 1364 1286; baseline 0.003 -23"><span class='ocrx_word' id='word_1_33' title='bbox 190 1192 292 1263; x_wconf 92' lang='lat' dir='ltr'>addit</span> <span class='ocrx_word' id='word_1_34' title='bbox 332 1206 454 1264; x_wconf 91' lang='lat' dir='ltr'>tamen</span> <span class='ocrx_word' id='word_1_35' title='bbox 495 1190 564 1262; x_wconf 90' lang='lat' dir='ltr'>sibi</span> <span class='ocrx_word' id='word_1_36' title='bbox 607 1190 675 1286; x_wconf 89' lang='lat' dir='ltr'>ipsi</span> <span class='ocrx_word' id='word_1_37' title='bbox 716 1189 788 1262; x_wconf 90' lang='lat' dir='ltr'>hoc</span> <span class='ocrx_word' id='word_1_38' title='bbox 830 1189 1006 1285; x_wconf 90' lang='lat' dir='ltr'>temporis</span> <span class='ocrx_word' id='word_1_39' title='bbox 1052 1190 1210 1286; x_wconf 90' lang='lat' dir='ltr'>spatium</span> <span class='ocrx_word' id='word_1_40' title='bbox 1258 1192 1364 1267; x_wconf 90' lang='lat' dir='ltr'>nimis</span> 
     </span>
     <span class='ocr_line' id='line_1_8' title="bbox 189 1315 1365 1412; baseline 0.001 -23"><span class='ocrx_word' id='word_1_41' title='bbox 189 1319 341 1412; x_wconf 85' lang='lat' dir='ltr'>longum</span> <span class='ocrx_word' id='word_1_42' title='bbox 370 1315 494 1401; x_wconf 91' lang='lat' dir='ltr'>videri,</span> <span class='ocrx_word' id='word_1_43' title='bbox 521 1316 605 1388; x_wconf 89' lang='lat' dir='ltr'>licet</span> <span class='ocrx_word' id='word_1_44' title='bbox 632 1315 767 1387; x_wconf 89' lang='lat' dir='ltr'>iustum</span> <span class='ocrx_word' id='word_1_45' title='bbox 797 1339 975 1386; x_wconf 90' lang='lat' dir='ltr'>annorum</span> <span class='ocrx_word' id='word_1_46' title='bbox 996 1340 1189 1388; x_wconf 89' lang='lat' dir='ltr'>numerum</span> <span class='ocrx_word' id='word_1_47' title='bbox 1204 1316 1365 1391; x_wconf 86' lang='lat' dir='ltr'>indicare</span> 
     </span>
     <span class='ocr_line' id='line_1_9' title="bbox 191 1439 1364 1536; baseline 0.002 -23"><span class='ocrx_word' id='word_1_48' title='bbox 191 1454 357 1535; x_wconf 86' lang='lat' dir='ltr'>nequeat.</span> <span class='ocrx_word' id='word_1_49' title='bbox 386 1441 555 1513; x_wconf 91' lang='lat' dir='ltr'>Daedala</span> <span class='ocrx_word' id='word_1_50' title='bbox 584 1439 724 1512; x_wconf 91' lang='lat' dir='ltr'>maiora</span> <span class='ocrx_word' id='word_1_51' title='bbox 754 1439 984 1536; x_wconf 84' lang='lat' dir='ltr'>sexagesimo</span> <span class='ocrx_word' id='word_1_52' title='bbox 999 1464 1149 1534; x_wconf 90' lang='lat' dir='ltr'>quoque</span> <span class='ocrx_word' id='word_1_53' title='bbox 1164 1466 1260 1513; x_wconf 89' lang='lat' dir='ltr'>anno</span> <span class='ocrx_word' id='word_1_54' title='bbox 1275 1444 1364 1515; x_wconf 89' lang='lat' dir='ltr'>cele-</span> 
     </span>
     <span class='ocr_line' id='line_1_10' title="bbox 189 1563 1366 1659; baseline 0.003 -22"><span class='ocrx_word' id='word_1_55' title='bbox 189 1567 398 1650; x_wconf 90' lang='lat' dir='ltr'>brabantur,</span> <span class='ocrx_word' id='word_1_56' title='bbox 426 1565 539 1659; x_wconf 89' lang='lat' dir='ltr'>idque</span> <span class='ocrx_word' id='word_1_57' title='bbox 565 1565 659 1638; x_wconf 90' lang='lat' dir='ltr'>hanc</span> <span class='ocrx_word' id='word_1_58' title='bbox 689 1566 738 1636; x_wconf 95' lang='lat' dir='ltr'>ob</span> <span class='ocrx_word' id='word_1_59' title='bbox 767 1590 843 1636; x_wconf 89' lang='lat' dir='ltr'>rem</span> <span class='ocrx_word' id='word_1_60' title='bbox 872 1563 949 1636; x_wconf 79' lang='lat' dir='ltr'>fieri</span> <span class='ocrx_word' id='word_1_61' title='bbox 978 1565 1127 1650; x_wconf 83' lang='lat' dir='ltr'>solebat,</span> <span class='ocrx_word' id='word_1_62' title='bbox 1154 1577 1245 1638; x_wconf 90' lang='lat' dir='ltr'>teste</span> <span class='ocrx_word' id='word_1_63' title='bbox 1273 1569 1366 1640; x_wconf 90' lang='lat' dir='ltr'>Pau-</span> 
     </span>
     <span class='ocr_line' id='line_1_11' title="bbox 189 1689 1393 1791; baseline 0.002 -28"><span class='ocrx_word' id='word_1_64' title='bbox 189 1690 299 1774; x_wconf 92' lang='lat' dir='ltr'>sania,</span> <span class='ocrx_word' id='word_1_65' title='bbox 341 1690 427 1784; x_wconf 89' lang='lat' dir='ltr'>quia</span> <span class='ocrx_word' id='word_1_66' title='bbox 468 1715 533 1784; x_wconf 92' lang='lat' dir='ltr'>per</span> <span class='ocrx_word' id='word_1_67' title='bbox 574 1689 762 1785; x_wconf 84' lang='lat' dir='ltr'>sexaginta</span> <span class='ocrx_word' id='word_1_68' title='bbox 799 1714 914 1782; x_wconf 87' lang='lat' dir='ltr'>annos</span> <span class='ocrx_word' id='word_1_69' title='bbox 942 1689 1132 1762; x_wconf 91' lang='lat' dir='ltr'>sollemnia</span> <span class='ocrx_word' id='word_1_70' title='bbox 1159 1689 1393 1791; x_wconf 64' lang='lat' dir='ltr'>intermissa⁸</span> 
     </span>
     <span class='ocr_line' id='line_1_12' title="bbox 189 1813 1415 1910; baseline 0.006 -23"><span class='ocrx_word' id='word_1_71' title='bbox 189 1814 349 1900; x_wconf 86' lang='lat' dir='ltr'>fuissent,</span> <span class='ocrx_word' id='word_1_72' title='bbox 390 1814 451 1886; x_wconf 93' lang='lat' dir='ltr'>illo</span> <span class='ocrx_word' id='word_1_73' title='bbox 492 1828 667 1910; x_wconf 90' lang='lat' dir='ltr'>tempore,</span> <span class='ocrx_word' id='word_1_74' title='bbox 708 1839 783 1908; x_wconf 91' lang='lat' dir='ltr'>quo</span> <span class='ocrx_word' id='word_1_75' title='bbox 825 1814 1056 1887; x_wconf 90' lang='lat' dir='ltr'>Plataeenses</span> <span class='ocrx_word' id='word_1_76' title='bbox 1093 1813 1193 1887; x_wconf 89' lang='lat' dir='ltr'>urbis</span> <span class='ocrx_word' id='word_1_77' title='bbox 1221 1818 1365 1890; x_wconf 88' lang='lat' dir='ltr'>exsules</span> <span class='ocrx_word' id='word_1_78' title='bbox 1413 1890 1415 1894; x_wconf 85' lang='lat'>.</span> 
     </span>
     <span class='ocr_line' id='line_1_13' title="bbox 190 1919 1363 2035; baseline 0.003 -24"><span class='ocrx_word' id='word_1_79' title='bbox 190 1940 349 2013; x_wconf 79' lang='lat' dir='ltr'>fuissent.</span> <span class='ocrx_word' id='word_1_80' title='bbox 381 1919 493 2013; x_wconf 67' lang='lat' dir='ltr'>⁴Falso</span> <span class='ocrx_word' id='word_1_81' title='bbox 530 1952 652 2012; x_wconf 92' lang='lat' dir='ltr'>tamen</span> <span class='ocrx_word' id='word_1_82' title='bbox 689 1939 779 2012; x_wconf 87' lang='lat' dir='ltr'>haec</span> <span class='ocrx_word' id='word_1_83' title='bbox 816 1938 1000 2035; x_wconf 88' lang='lat' dir='ltr'>perhibuit</span> <span class='ocrx_word' id='word_1_84' title='bbox 1021 1951 1036 2011; x_wconf 82' lang='grc' dir='ltr'>ὁ</span> <span class='ocrx_word' id='word_1_85' title='bbox 1060 1951 1256 2032; x_wconf 58' lang='grc' dir='ltr'>περιηγητής</span> <span class='ocrx_word' id='word_1_86' title='bbox 1279 1966 1363 2014; x_wconf 90' lang='lat' dir='ltr'>nam</span> 
     </span>
     <span class='ocr_line' id='line_1_14' title="bbox 191 2063 1363 2162; baseline 0.002 -26"><span class='ocrx_word' id='word_1_87' title='bbox 191 2091 229 2137; x_wconf 90' lang='lat' dir='ltr'>re</span> <span class='ocrx_word' id='word_1_88' title='bbox 269 2090 356 2137; x_wconf 88' lang='lat' dir='ltr'>vera</span> <span class='ocrx_word' id='word_1_89' title='bbox 396 2089 598 2159; x_wconf 92' lang='lat' dir='ltr'>numquam</span> <span class='ocrx_word' id='word_1_90' title='bbox 640 2063 776 2137; x_wconf 88' lang='lat' dir='ltr'>diutius</span> <span class='ocrx_word' id='word_1_91' title='bbox 818 2089 929 2159; x_wconf 91' lang='lat' dir='ltr'>quam</span> <span class='ocrx_word' id='word_1_92' title='bbox 967 2065 1211 2162; x_wconf 83' lang='lat' dir='ltr'>quadraginta</span> <span class='ocrx_word' id='word_1_93' title='bbox 1248 2091 1363 2138; x_wconf 91' lang='lat' dir='ltr'>unum</span> 
     </span>
     <span class='ocr_line' id='line_1_15' title="bbox 189 2188 1365 2290; baseline 0.003 -28"><span class='ocrx_word' id='word_1_94' title='bbox 189 2214 304 2263; x_wconf 91' lang='lat' dir='ltr'>annos</span> <span class='ocrx_word' id='word_1_95' title='bbox 342 2191 571 2262; x_wconf 89' lang='lat' dir='ltr'>Plataeenses</span> <span class='ocrx_word' id='word_1_96' title='bbox 608 2189 725 2285; x_wconf 90' lang='lat' dir='ltr'>patria</span> <span class='ocrx_word' id='word_1_97' title='bbox 757 2202 918 2262; x_wconf 87' lang='lat' dir='ltr'>extorres</span> <span class='ocrx_word' id='word_1_98' title='bbox 947 2188 1145 2290; x_wconf 74' lang='lat' dir='ltr'>fuerunt1).</span> <span class='ocrx_word' id='word_1_99' title='bbox 1186 2191 1365 2265; x_wconf 91' lang='lat' dir='ltr'>Videmus</span> 
     </span>
     <span class='ocr_line' id='line_1_16' title="bbox 188 2314 1365 2410; baseline 0.003 -24"><span class='ocrx_word' id='word_1_100' title='bbox 188 2314 299 2410; x_wconf 85' lang='lat' dir='ltr'>igitur</span> <span class='ocrx_word' id='word_1_101' title='bbox 313 2340 492 2387; x_wconf 91' lang='lat' dir='ltr'>annorum</span> <span class='ocrx_word' id='word_1_102' title='bbox 508 2340 689 2400; x_wconf 90' lang='lat' dir='ltr'>numeros,</span> <span class='ocrx_word' id='word_1_103' title='bbox 700 2314 833 2410; x_wconf 91' lang='lat' dir='ltr'>quibus</span> <span class='ocrx_word' id='word_1_104' title='bbox 849 2315 1004 2387; x_wconf 90' lang='lat' dir='ltr'>daedala</span> <span class='ocrx_word' id='word_1_105' title='bbox 1019 2315 1160 2388; x_wconf 89' lang='lat' dir='ltr'>minora</span> <span class='ocrx_word' id='word_1_106' title='bbox 1174 2329 1211 2388; x_wconf 91' lang='lat' dir='ltr'>et</span> <span class='ocrx_word' id='word_1_107' title='bbox 1225 2317 1365 2389; x_wconf 88' lang='lat' dir='ltr'>maiora</span> 
     </span>
     <span class='ocr_line' id='line_1_17' title="bbox 189 2439 1365 2535; baseline 0.003 -24"><span class='ocrx_word' id='word_1_108' title='bbox 189 2441 401 2535; x_wconf 85' lang='lat' dir='ltr'>agebantur,</span> <span class='ocrx_word' id='word_1_109' title='bbox 443 2439 562 2513; x_wconf 88' lang='lat' dir='ltr'>minus</span> <span class='ocrx_word' id='word_1_110' title='bbox 603 2452 772 2513; x_wconf 88' lang='lat' dir='ltr'>accurate</span> <span class='ocrx_word' id='word_1_111' title='bbox 809 2466 830 2513; x_wconf 93' lang='lat' dir='ltr'>a</span> <span class='ocrx_word' id='word_1_112' title='bbox 871 2440 1052 2513; x_wconf 88' lang='lat' dir='ltr'>Pausania</span> <span class='ocrx_word' id='word_1_113' title='bbox 1087 2440 1240 2514; x_wconf 89' lang='lat' dir='ltr'>traditos</span> <span class='ocrx_word' id='word_1_114' title='bbox 1277 2468 1365 2516; x_wconf 91' lang='lat' dir='ltr'>esse.</span> 
     </span>
     <span class='ocr_line' id='line_1_18' title="bbox 189 2564 1365 2640; baseline 0.003 -4"><span class='ocrx_word' id='word_1_115' title='bbox 189 2566 337 2637; x_wconf 87' lang='lat' dir='ltr'>Praeter</span> <span class='ocrx_word' id='word_1_116' title='bbox 364 2565 452 2637; x_wconf 91' lang='lat' dir='ltr'>illud</span> <span class='ocrx_word' id='word_1_117' title='bbox 481 2578 602 2637; x_wconf 92' lang='lat' dir='ltr'>autem</span> <span class='ocrx_word' id='word_1_118' title='bbox 631 2564 700 2637; x_wconf 93' lang='lat' dir='ltr'>hac</span> <span class='ocrx_word' id='word_1_119' title='bbox 728 2566 775 2637; x_wconf 90' lang='lat' dir='ltr'>de</span> <span class='ocrx_word' id='word_1_120' title='bbox 803 2590 842 2637; x_wconf 92' lang='lat' dir='ltr'>re</span> <span class='ocrx_word' id='word_1_121' title='bbox 870 2565 1007 2636; x_wconf 91' lang='lat' dir='ltr'>nullum</span> <span class='ocrx_word' id='word_1_122' title='bbox 1038 2565 1136 2637; x_wconf 92' lang='lat' dir='ltr'>aliud</span> <span class='ocrx_word' id='word_1_123' title='bbox 1164 2580 1280 2639; x_wconf 90' lang='lat' dir='ltr'>exstat</span> <span class='ocrx_word' id='word_1_124' title='bbox 1298 2580 1365 2640; x_wconf 90' lang='lat' dir='ltr'>tes-</span> 
     </span>
    </p>
   </div>
   <div class='ocr_carea' id='block_1_3' title="bbox 84 2689 1362 2786">
    <p class='ocr_par' dir='ltr' id='par_1_3' title="bbox 84 2689 1362 2786">
     <span class='ocr_line' id='line_1_19' title="bbox 84 2689 1362 2786; baseline 0.001 -25"><span class='ocrx_word' id='word_1_125' title='bbox 84 2773 88 2782; x_wconf 33' lang='lat'>,</span> <span class='ocrx_word' id='word_1_126' title='bbox 187 2689 379 2762; x_wconf 92' lang='lat' dir='ltr'>timonium</span> <span class='ocrx_word' id='word_1_127' title='bbox 408 2703 521 2762; x_wconf 88' lang='lat' dir='ltr'>vetus.</span> <span class='ocrx_word' id='word_1_128' title='bbox 553 2690 652 2782; x_wconf 78' lang='lat' dir='ltr'>Quid</span> <span class='ocrx_word' id='word_1_129' title='bbox 682 2690 814 2761; x_wconf 93' lang='lat' dir='ltr'>mirum</span> <span class='ocrx_word' id='word_1_130' title='bbox 844 2689 963 2786; x_wconf 82' lang='lat' dir='ltr'>igitur,</span> <span class='ocrx_word' id='word_1_131' title='bbox 992 2690 1093 2785; x_wconf 91' lang='lat' dir='ltr'>quod</span> <span class='ocrx_word' id='word_1_132' title='bbox 1123 2691 1189 2763; x_wconf 91' lang='lat' dir='ltr'>viri</span> <span class='ocrx_word' id='word_1_133' title='bbox 1211 2691 1310 2776; x_wconf 88' lang='lat' dir='ltr'>docti</span> <span class='ocrx_word' id='word_1_134' title='bbox 1326 2691 1362 2762; x_wconf 91' lang='lat' dir='ltr'>in</span> 
     </span>
    </p>
   </div>
   <div class='ocr_carea' id='block_1_4' title="bbox 187 2814 1416 3912">
    <p class='ocr_par' dir='ltr' id='par_1_4' title="bbox 187 2814 1416 3912">
     <span class='ocr_line' id='line_1_20' title="bbox 189 2814 1362 2912; baseline 0.002 -27"><span class='ocrx_word' id='word_1_135' title='bbox 189 2814 468 2910; x_wconf 90' lang='lat' dir='ltr'>interpretandis</span> <span class='ocrx_word' id='word_1_136' title='bbox 495 2814 595 2887; x_wconf 93' lang='lat' dir='ltr'>hisce</span> <span class='ocrx_word' id='word_1_137' title='bbox 623 2828 832 2910; x_wconf 90' lang='lat' dir='ltr'>temporum</span> <span class='ocrx_word' id='word_1_138' title='bbox 852 2814 1053 2895; x_wconf 88' lang='lat' dir='ltr'>rationibus</span> <span class='ocrx_word' id='word_1_139' title='bbox 1072 2815 1190 2889; x_wconf 90' lang='lat' dir='ltr'>varias</span> <span class='ocrx_word' id='word_1_140' title='bbox 1210 2815 1362 2912; x_wconf 86' lang='lat' dir='ltr'>ingressi</span> 
     </span>
     <span class='ocr_line' id='line_1_21' title="bbox 189 2938 1364 3034; baseline 0 -22"><span class='ocrx_word' id='word_1_141' title='bbox 189 2953 274 3012; x_wconf 93' lang='lat' dir='ltr'>sunt</span> <span class='ocrx_word' id='word_1_142' title='bbox 300 2938 401 3011; x_wconf 86' lang='lat' dir='ltr'>vias?</span> <span class='ocrx_word' id='word_1_143' title='bbox 431 2938 533 3011; x_wconf 92' lang='lat' dir='ltr'>Nihil</span> <span class='ocrx_word' id='word_1_144' title='bbox 560 2952 692 3024; x_wconf 89' lang='lat' dir='ltr'>tamen,</span> <span class='ocrx_word' id='word_1_145' title='bbox 721 2965 803 3011; x_wconf 93' lang='lat' dir='ltr'>mea</span> <span class='ocrx_word' id='word_1_146' title='bbox 830 2939 979 3034; x_wconf 91' lang='lat' dir='ltr'>quidem</span> <span class='ocrx_word' id='word_1_147' title='bbox 1009 2939 1194 3025; x_wconf 87' lang='lat' dir='ltr'>sententia,</span> <span class='ocrx_word' id='word_1_148' title='bbox 1209 2940 1364 3014; x_wconf 90' lang='lat' dir='ltr'>assecuti</span> 
     </span>
     <span class='ocr_line' id='line_1_22' title="bbox 187 3064 1362 3160; baseline 0.001 -22"><span class='ocrx_word' id='word_1_149' title='bbox 187 3078 280 3150; x_wconf 89' lang='lat' dir='ltr'>sunt,</span> <span class='ocrx_word' id='word_1_150' title='bbox 308 3078 563 3160; x_wconf 88' lang='lat' dir='ltr'>praeterquam</span> <span class='ocrx_word' id='word_1_151' title='bbox 593 3064 694 3158; x_wconf 91' lang='lat' dir='ltr'>quod</span> <span class='ocrx_word' id='word_1_152' title='bbox 723 3065 819 3136; x_wconf 90' lang='lat' dir='ltr'>clare</span> <span class='ocrx_word' id='word_1_153' title='bbox 848 3066 1085 3137; x_wconf 89' lang='lat' dir='ltr'>ostenderunt</span> <span class='ocrx_word' id='word_1_154' title='bbox 1113 3065 1253 3138; x_wconf 89' lang='lat' dir='ltr'>irritum</span> <span class='ocrx_word' id='word_1_155' title='bbox 1283 3091 1362 3139; x_wconf 88' lang='lat' dir='ltr'>esse</span> 
     </span>
     <span class='ocr_line' id='line_1_23' title="bbox 190 3189 1364 3285; baseline 0 -23"><span class='ocrx_word' id='word_1_156' title='bbox 190 3189 452 3263; x_wconf 89' lang='lat' dir='ltr'>recentioribus</span> <span class='ocrx_word' id='word_1_157' title='bbox 498 3189 753 3285; x_wconf 90' lang='lat' dir='ltr'>interpretibus</span> <span class='ocrx_word' id='word_1_158' title='bbox 801 3214 862 3262; x_wconf 89' lang='lat' dir='ltr'>eas</span> <span class='ocrx_word' id='word_1_159' title='bbox 909 3215 965 3262; x_wconf 93' lang='lat' dir='ltr'>res</span> <span class='ocrx_word' id='word_1_160' title='bbox 1007 3189 1188 3285; x_wconf 90' lang='lat' dir='ltr'>explicare</span> <span class='ocrx_word' id='word_1_161' title='bbox 1229 3191 1364 3277; x_wconf 89' lang='lat' dir='ltr'>conari,</span> 
     </span>
     <span class='ocr_line' id='line_1_24' title="bbox 189 3313 1416 3411; baseline 0.003 -26"><span class='ocrx_word' id='word_1_162' title='bbox 189 3341 345 3410; x_wconf 87' lang='lat' dir='ltr'>quarum</span> <span class='ocrx_word' id='word_1_163' title='bbox 387 3314 479 3387; x_wconf 89' lang='lat' dir='ltr'>ratio</span> <span class='ocrx_word' id='word_1_164' title='bbox 519 3328 680 3387; x_wconf 89' lang='lat' dir='ltr'>veterem</span> <span class='ocrx_word' id='word_1_165' title='bbox 722 3313 937 3409; x_wconf 91' lang='lat' dir='ltr'>scriptorem</span> <span class='ocrx_word' id='word_1_166' title='bbox 980 3313 1101 3410; x_wconf 91' lang='lat' dir='ltr'>ipsum</span> <span class='ocrx_word' id='word_1_167' title='bbox 1131 3314 1273 3411; x_wconf 84' lang='lat' dir='ltr'>fugerit.</span> <span class='ocrx_word' id='word_1_168' title='bbox 1303 3319 1365 3389; x_wconf 88' lang='lat' dir='ltr'>Ne</span> <span class='ocrx_word' id='word_1_169' title='bbox 1413 3359 1416 3364; x_wconf 91' lang='lat'><strong>·</strong></span> 
     </span>
     <span class='ocr_line' id='line_1_25' title="bbox 190 3438 1365 3534; baseline 0.002 -21"><span class='ocrx_word' id='word_1_170' title='bbox 190 3440 367 3513; x_wconf 85' lang='lat' dir='ltr'>Muellero</span> <span class='ocrx_word' id='word_1_171' title='bbox 393 3439 542 3534; x_wconf 89' lang='lat' dir='ltr'>quidem</span> <span class='ocrx_word' id='word_1_172' title='bbox 571 3438 745 3513; x_wconf 93' lang='lat' dir='ltr'>successit</span> <span class='ocrx_word' id='word_1_173' title='bbox 773 3464 951 3512; x_wconf 91' lang='lat' dir='ltr'>annorum</span> <span class='ocrx_word' id='word_1_174' title='bbox 981 3464 1153 3513; x_wconf 90' lang='lat' dir='ltr'>numeros</span> <span class='ocrx_word' id='word_1_175' title='bbox 1181 3465 1203 3512; x_wconf 93' lang='lat' dir='ltr'>a</span> <span class='ocrx_word' id='word_1_176' title='bbox 1231 3443 1365 3515; x_wconf 89' lang='lat' dir='ltr'>Pausa-</span> 
     </span>
     <span class='ocr_line' id='line_1_26' title="bbox 189 3564 1363 3661; baseline 0.001 -24"><span class='ocrx_word' id='word_1_177' title='bbox 189 3565 248 3638; x_wconf 88' lang='lat' dir='ltr'>nia</span> <span class='ocrx_word' id='word_1_178' title='bbox 263 3579 486 3638; x_wconf 89' lang='lat' dir='ltr'>memoratos</span> <span class='ocrx_word' id='word_1_179' title='bbox 505 3564 686 3661; x_wconf 92' lang='lat' dir='ltr'>probabili</span> <span class='ocrx_word' id='word_1_180' title='bbox 702 3564 815 3636; x_wconf 92' lang='lat' dir='ltr'>modo</span> <span class='ocrx_word' id='word_1_181' title='bbox 831 3564 1066 3660; x_wconf 90' lang='lat' dir='ltr'>interpretari.</span> <span class='ocrx_word' id='word_1_182' title='bbox 1094 3567 1253 3639; x_wconf 91' lang='lat' dir='ltr'>Putabat</span> <span class='ocrx_word' id='word_1_183' title='bbox 1266 3566 1363 3638; x_wconf 90' lang='lat' dir='ltr'>enim</span> 
     </span>
     <span class='ocr_line' id='line_1_27' title="bbox 189 3689 1364 3785; baseline 0.003 -24"><span class='ocrx_word' id='word_1_184' title='bbox 189 3689 225 3761; x_wconf 86' lang='lat' dir='ltr'>in</span> <span class='ocrx_word' id='word_1_185' title='bbox 267 3690 430 3763; x_wconf 90' lang='lat' dir='ltr'>daedalis</span> <span class='ocrx_word' id='word_1_186' title='bbox 472 3690 674 3762; x_wconf 91' lang='lat' dir='ltr'>minoribus</span> <span class='ocrx_word' id='word_1_187' title='bbox 716 3690 973 3785; x_wconf 89' lang='lat' dir='ltr'>computandis</span> <span class='ocrx_word' id='word_1_188' title='bbox 1002 3689 1156 3763; x_wconf 91' lang='lat' dir='ltr'>rusticos</span> <span class='ocrx_word' id='word_1_189' title='bbox 1189 3691 1364 3764; x_wconf 90' lang='lat' dir='ltr'>Boeotios</span> 
     </span>
     <span class='ocr_line' id='line_1_28' title="bbox 189 3814 1364 3912; baseline 0.002 -26"><span class='ocrx_word' id='word_1_190' title='bbox 189 3814 366 3887; x_wconf 87' lang='lat' dir='ltr'>rationem</span> <span class='ocrx_word' id='word_1_191' title='bbox 409 3815 581 3889; x_wconf 91' lang='lat' dir='ltr'>habuisse</span> <span class='ocrx_word' id='word_1_192' title='bbox 609 3841 788 3888; x_wconf 87' lang='lat' dir='ltr'>armorum</span> <span class='ocrx_word' id='word_1_193' title='bbox 818 3815 865 3887; x_wconf 93' lang='lat' dir='ltr'>ad</span> <span class='ocrx_word' id='word_1_194' title='bbox 893 3840 1041 3888; x_wconf 91' lang='lat' dir='ltr'>cursum</span> <span class='ocrx_word' id='word_1_195' title='bbox 1069 3816 1177 3888; x_wconf 91' lang='lat' dir='ltr'>lunae</span> <span class='ocrx_word' id='word_1_196' title='bbox 1205 3816 1364 3912; x_wconf 91' lang='lat' dir='ltr'>descrip-</span> 
     </span>
    </p>
   </div>
   <div class='ocr_carea' id='block_1_5' title="bbox 191 4037 1364 4282">
    <p class='ocr_par' dir='ltr' id='par_1_5' title="bbox 191 4037 1364 4282">
     <span class='ocr_line' id='line_1_29' title="bbox 229 4037 1363 4100; baseline 0.002 -15"><span class='ocrx_word' id='word_1_197' title='bbox 229 4041 250 4100; x_wconf 86' lang='lat'>1)</span> <span class='ocrx_word' id='word_1_198' title='bbox 271 4037 309 4086; x_wconf 88' lang='lat' dir='ltr'>Cs.</span> <span class='ocrx_word' id='word_1_199' title='bbox 330 4039 359 4086; x_wconf 86' lang='lat' dir='ltr'>C.</span> <span class='ocrx_word' id='word_1_200' title='bbox 378 4038 410 4087; x_wconf 90' lang='grc' dir='ltr'>Ο.</span> <span class='ocrx_word' id='word_1_201' title='bbox 430 4039 542 4097; x_wconf 80' lang='lat' dir='ltr'>Mueller,</span> <span class='ocrx_word' id='word_1_202' title='bbox 563 4038 683 4087; x_wconf 91' lang='lat' dir='ltr'>Orchom.</span> <span class='ocrx_word' id='word_1_203' title='bbox 707 4039 757 4088; x_wconf 81' lang='lat' dir='ltr'>ud.</span> <span class='ocrx_word' id='word_1_204' title='bbox 771 4039 836 4087; x_wconf 89' lang='lat' dir='ltr'>Min.</span> <span class='ocrx_word' id='word_1_205' title='bbox 850 4040 861 4072; x_wconf 78' lang='lat'>&#39;²</span> <span class='ocrx_word' id='word_1_206' title='bbox 873 4038 935 4087; x_wconf 77' lang='lat'>216:</span> <span class='ocrx_word' id='word_1_207' title='bbox 956 4039 1022 4096; x_wconf 88' lang='lat' dir='ltr'>„Die</span> <span class='ocrx_word' id='word_1_208' title='bbox 1031 4038 1129 4087; x_wconf 69' lang='lat' dir='ltr'>Platder</span> <span class='ocrx_word' id='word_1_209' title='bbox 1142 4055 1224 4088; x_wconf 86' lang='lat' dir='ltr'>waren</span> <span class='ocrx_word' id='word_1_210' title='bbox 1234 4040 1278 4087; x_wconf 86' lang='lat' dir='ltr'>das</span> <span class='ocrx_word' id='word_1_211' title='bbox 1288 4045 1363 4087; x_wconf 86' lang='lat' dir='ltr'>erste-</span> 
     </span>
     <span class='ocr_line' id='line_1_30' title="bbox 191 4126 1364 4191; baseline 0.002 -17"><span class='ocrx_word' id='word_1_212' title='bbox 191 4127 248 4184; x_wconf 82' lang='lat' dir='ltr'>mal,</span> <span class='ocrx_word' id='word_1_213' title='bbox 277 4143 326 4174; x_wconf 83' lang='lat' dir='ltr'>van</span> <span class='ocrx_word' id='word_1_214' title='bbox 353 4127 394 4175; x_wconf 93' lang='lat' dir='ltr'>Ol.</span> <span class='ocrx_word' id='word_1_215' title='bbox 414 4126 471 4183; x_wconf 91' lang='lat'>88,1</span> <span class='ocrx_word' id='word_1_216' title='bbox 493 4128 531 4175; x_wconf 90' lang='lat' dir='ltr'>bls</span> <span class='ocrx_word' id='word_1_217' title='bbox 551 4129 609 4189; x_wconf 82' lang='lat'>98,2</span> <span class='ocrx_word' id='word_1_218' title='bbox 629 4145 675 4176; x_wconf 91' lang='lat' dir='ltr'>nur</span> <span class='ocrx_word' id='word_1_219' title='bbox 693 4129 734 4176; x_wconf 88' lang='lat' dir='ltr'>ein</span> <span class='ocrx_word' id='word_1_220' title='bbox 752 4129 804 4176; x_wconf 90' lang='lat' dir='ltr'>und</span> <span class='ocrx_word' id='word_1_221' title='bbox 823 4129 921 4191; x_wconf 85' lang='lat' dir='ltr'>vierzig,</span> <span class='ocrx_word' id='word_1_222' title='bbox 941 4129 985 4176; x_wconf 88' lang='lat' dir='ltr'>das</span> <span class='ocrx_word' id='word_1_223' title='bbox 1004 4128 1139 4186; x_wconf 88' lang='lat' dir='ltr'>andremal,</span> <span class='ocrx_word' id='word_1_224' title='bbox 1160 4145 1208 4177; x_wconf 86' lang='lat' dir='ltr'>van</span> <span class='ocrx_word' id='word_1_225' title='bbox 1231 4141 1305 4190; x_wconf 85' lang='lat'>101,4</span> <span class='ocrx_word' id='word_1_226' title='bbox 1324 4128 1364 4176; x_wconf 83' lang='lat' dir='ltr'>bis</span> 
     </span>
     <span class='ocr_line' id='line_1_31' title="bbox 195 4216 1018 4282; baseline 0.001 -17"><span class='ocrx_word' id='word_1_227' title='bbox 195 4229 269 4279; x_wconf 82' lang='lat'>110‚3</span> <span class='ocrx_word' id='word_1_228' title='bbox 291 4216 345 4264; x_wconf 78' lang='lat' dir='ltr'>stinl</span> <span class='ocrx_word' id='word_1_229' title='bbox 364 4217 416 4264; x_wconf 86' lang='lat' dir='ltr'>und</span> <span class='ocrx_word' id='word_1_230' title='bbox 435 4217 540 4279; x_wconf 81' lang='lat' dir='ltr'>dreissig</span> <span class='ocrx_word' id='word_1_231' title='bbox 555 4217 632 4282; x_wconf 85' lang='lat' dir='ltr'>Jahre</span> <span class='ocrx_word' id='word_1_232' title='bbox 651 4217 717 4266; x_wconf 85' lang='lat' dir='ltr'>ohne</span> <span class='ocrx_word' id='word_1_233' title='bbox 738 4217 876 4266; x_wconf 82' lang='lat' dir='ltr'>Vaterlaud</span> <span class='ocrx_word' id='word_1_234' title='bbox 894 4234 1018 4281; x_wconf 82' lang='lat' dir='ltr'>gewcsen.</span> 
     </span>
    </p>
   </div>
   <div class='ocr_carea' id='block_1_6' title="bbox 0 0 1550 4942">
    <p class='ocr_par' dir='ltr' id='par_1_6' title="bbox 0 0 1550 4942">
     <span class='ocr_line' id='line_1_32' title="bbox 0 0 1550 4942; baseline 0 0"><span class='ocrx_word' id='word_1_235' title='bbox 0 0 1550 4942; x_wconf 95' lang='lat' dir='ltr'> </span> 
     </span>
    </p>
   </div>
  </div>
 </body>
</html>
