<?xml version="1.0" encoding="UTF-8"?>
<!DOCTYPE html PUBLIC "-//W3C//DTD XHTML 1.0 Transitional//EN"
    "http://www.w3.org/TR/xhtml1/DTD/xhtml1-transitional.dtd">
<html xmlns="http://www.w3.org/1999/xhtml" xml:lang="en" lang="en">
 <head>
  <title>
</title>
<meta http-equiv="Content-Type" content="text/html;charset=utf-8" />
  <meta name='ocr-system' content='tesseract 3.04.00' />
  <meta name='ocr-capabilities' content='ocr_page ocr_carea ocr_par ocr_line ocrx_word'/>
</head>
<body>
  <div class='ocr_page' id='page_1' title='image "./dediisinlocised00albegoog_0098.png"; bbox 0 0 3090 4942; ppageno 0'>
   <div class='ocr_carea' id='block_1_1' title="bbox 757 349 804 433">
    <p class='ocr_par' dir='ltr' id='par_1_1' title="bbox 757 349 804 433">
     <span class='ocr_line' id='line_1_1' title="bbox 757 349 804 433; baseline 0.17 -8"><span class='ocrx_word' id='word_1_1' title='bbox 757 349 804 433; x_wconf 82' lang='lat'>84</span> 
     </span>
    </p>
   </div>
   <div class='ocr_carea' id='block_1_2' title="bbox 190 555 1368 2404">
    <p class='ocr_par' dir='ltr' id='par_1_2' title="bbox 193 555 1365 780">
     <span class='ocr_line' id='line_1_2' title="bbox 193 555 1365 654; baseline 0.003 -27"><span class='ocrx_word' id='word_1_2' title='bbox 193 567 337 635; x_wconf 84' lang='lat' dir='ltr'>constat</span> <span class='ocrx_word' id='word_1_3' title='bbox 363 568 399 627; x_wconf 85' lang='lat' dir='ltr'>et</span> <span class='ocrx_word' id='word_1_4' title='bbox 417 555 668 650; x_wconf 86' lang='lat' dir='ltr'>compluribus</span> <span class='ocrx_word' id='word_1_5' title='bbox 687 557 779 629; x_wconf 88' lang='lat' dir='ltr'>deae</span> <span class='ocrx_word' id='word_1_6' title='bbox 796 556 932 644; x_wconf 84' lang='lat' dir='ltr'>statuis,</span> <span class='ocrx_word' id='word_1_7' title='bbox 947 558 995 631; x_wconf 90' lang='lat' dir='ltr'>ad</span> <span class='ocrx_word' id='word_1_8' title='bbox 1009 558 1176 654; x_wconf 85' lang='lat' dir='ltr'>exempla</span> <span class='ocrx_word' id='word_1_9' title='bbox 1191 557 1365 645; x_wconf 79' lang='lat' dir='ltr'>Semitica</span> 
     </span>
     <span class='ocr_line' id='line_1_3' title="bbox 194 678 842 780; baseline 0.005 -29"><span class='ocrx_word' id='word_1_10' title='bbox 194 678 337 765; x_wconf 73' lang='lat' dir='ltr'>exactis</span> <span class='ocrx_word' id='word_1_11' title='bbox 364 679 450 753; x_wconf 90' lang='lat' dir='ltr'>satis</span> <span class='ocrx_word' id='word_1_12' title='bbox 478 680 583 753; x_wconf 88' lang='lat' dir='ltr'>firme</span> <span class='ocrx_word' id='word_1_13' title='bbox 610 682 788 776; x_wconf 91' lang='lat' dir='ltr'>probatur</span> <span class='ocrx_word' id='word_1_14' title='bbox 807 679 842 780; x_wconf 84' lang='lat'>1).</span> 
     </span>
    </p>

    <p class='ocr_par' dir='ltr' id='par_1_3' title="bbox 190 806 1368 2404">
     <span class='ocr_line' id='line_1_4' title="bbox 248 806 1368 902; baseline 0.002 -26"><span class='ocrx_word' id='word_1_15' title='bbox 248 806 441 877; x_wconf 88' lang='lat' dir='ltr'>Praeterea</span> <span class='ocrx_word' id='word_1_16' title='bbox 467 819 552 878; x_wconf 91' lang='lat' dir='ltr'>sunt</span> <span class='ocrx_word' id='word_1_17' title='bbox 579 806 640 900; x_wconf 93' lang='lat' dir='ltr'>qui</span> <span class='ocrx_word' id='word_1_18' title='bbox 668 806 939 880; x_wconf 89' lang='lat' dir='ltr'>venerationem</span> <span class='ocrx_word' id='word_1_19' title='bbox 959 821 1091 900; x_wconf 76' lang='grc' dir='ltr'><strong><em>Μητρὸς</em></strong></span> <span class='ocrx_word' id='word_1_20' title='bbox 1103 819 1199 900; x_wconf 65' lang='grc' dir='ltr'><strong><em>ὀρείας</em></strong></span> <span class='ocrx_word' id='word_1_21' title='bbox 1210 816 1368 902; x_wconf 75' lang='grc' dir='ltr'>Κυβήλης,</span> 
     </span>
     <span class='ocr_line' id='line_1_5' title="bbox 194 930 1368 1028; baseline 0.007 -28"><span class='ocrx_word' id='word_1_22' title='bbox 194 954 289 1023; x_wconf 87' lang='lat' dir='ltr'>quae</span> <span class='ocrx_word' id='word_1_23' title='bbox 316 930 387 1002; x_wconf 91' lang='lat' dir='ltr'>dea</span> <span class='ocrx_word' id='word_1_24' title='bbox 414 930 449 1001; x_wconf 92' lang='lat' dir='ltr'>in</span> <span class='ocrx_word' id='word_1_25' title='bbox 478 930 640 1028; x_wconf 90' lang='lat' dir='ltr'>Phrygia</span> <span class='ocrx_word' id='word_1_26' title='bbox 667 944 703 1003; x_wconf 91' lang='lat' dir='ltr'>et</span> <span class='ocrx_word' id='word_1_27' title='bbox 730 931 765 1003; x_wconf 94' lang='lat' dir='ltr'>in</span> <span class='ocrx_word' id='word_1_28' title='bbox 790 931 1001 1028; x_wconf 87' lang='lat' dir='ltr'>regionibus</span> <span class='ocrx_word' id='word_1_29' title='bbox 1024 930 1368 1016; x_wconf 89' lang='lat' dir='ltr'>circumiacentibus</span> 
     </span>
     <span class='ocr_line' id='line_1_6' title="bbox 194 1030 1368 1155; baseline 0.003 -30"><span class='ocrx_word' id='word_1_30' title='bbox 194 1079 311 1148; x_wconf 88' lang='lat' dir='ltr'>usque</span> <span class='ocrx_word' id='word_1_31' title='bbox 338 1079 485 1149; x_wconf 90' lang='lat' dir='ltr'>quaque</span> <span class='ocrx_word' id='word_1_32' title='bbox 499 1054 535 1126; x_wconf 93' lang='lat' dir='ltr'>in</span> <span class='ocrx_word' id='word_1_33' title='bbox 551 1030 736 1129; x_wconf 87' lang='lat' dir='ltr'>montibus</span> <span class='ocrx_word' id='word_1_34' title='bbox 751 1057 1005 1131; x_wconf 80' lang='lat' dir='ltr'>celebrabatur</span> <span class='ocrx_word' id='word_1_35' title='bbox 1019 1055 1054 1155; x_wconf 74' lang='lat' dir='ltr'>2l,</span> <span class='ocrx_word' id='word_1_36' title='bbox 1073 1082 1094 1130; x_wconf 95' lang='lat' dir='ltr'>e</span> <span class='ocrx_word' id='word_1_37' title='bbox 1107 1044 1368 1153; x_wconf 87' lang='lat' dir='ltr'>superstitioni-</span> 
     </span>
     <span class='ocr_line' id='line_1_7' title="bbox 193 1178 1368 1280; baseline 0.003 -30"><span class='ocrx_word' id='word_1_38' title='bbox 193 1179 263 1251; x_wconf 90' lang='lat' dir='ltr'>bus</span> <span class='ocrx_word' id='word_1_39' title='bbox 295 1178 475 1253; x_wconf 88' lang='lat' dir='ltr'>Semiticis</span> <span class='ocrx_word' id='word_1_40' title='bbox 507 1180 668 1276; x_wconf 90' lang='lat' dir='ltr'>pendere</span> <span class='ocrx_word' id='word_1_41' title='bbox 696 1179 878 1269; x_wconf 78' lang='lat' dir='ltr'>affirment</span> <span class='ocrx_word' id='word_1_42' title='bbox 891 1178 926 1280; x_wconf 65' lang='lat'>³).</span> <span class='ocrx_word' id='word_1_43' title='bbox 963 1185 1023 1267; x_wconf 91' lang='lat' dir='ltr'>De</span> <span class='ocrx_word' id='word_1_44' title='bbox 1051 1208 1126 1277; x_wconf 88' lang='lat' dir='ltr'>qua</span> <span class='ocrx_word' id='word_1_45' title='bbox 1154 1181 1368 1277; x_wconf 80' lang='lat' dir='ltr'>quaestione</span> 
     </span>
     <span class='ocr_line' id='line_1_8' title="bbox 194 1298 1366 1402; baseline 0.006 -28"><span class='ocrx_word' id='word_1_46' title='bbox 194 1316 330 1377; x_wconf 90' lang='lat' dir='ltr'>certam</span> <span class='ocrx_word' id='word_1_47' title='bbox 370 1303 535 1400; x_wconf 90' lang='lat' dir='ltr'>proferre</span> <span class='ocrx_word' id='word_1_48' title='bbox 575 1298 789 1389; x_wconf 83' lang='lat' dir='ltr'>sententiam</span> <span class='ocrx_word' id='word_1_49' title='bbox 819 1307 990 1402; x_wconf 90' lang='lat' dir='ltr'>equidem</span> <span class='ocrx_word' id='word_1_50' title='bbox 1019 1332 1093 1395; x_wconf 86' lang='lat' dir='ltr'>non</span> <span class='ocrx_word' id='word_1_51' title='bbox 1122 1306 1249 1391; x_wconf 86' lang='lat' dir='ltr'>ausim.</span> <span class='ocrx_word' id='word_1_52' title='bbox 1278 1308 1366 1396; x_wconf 87' lang='lat' dir='ltr'>Hoc</span> 
     </span>
     <span class='ocr_line' id='line_1_9' title="bbox 193 1409 1367 1524; baseline 0.005 -24"><span class='ocrx_word' id='word_1_53' title='bbox 193 1440 314 1502; x_wconf 88' lang='lat' dir='ltr'>tamen</span> <span class='ocrx_word' id='word_1_54' title='bbox 357 1443 457 1514; x_wconf 86' lang='lat' dir='ltr'>certo</span> <span class='ocrx_word' id='word_1_55' title='bbox 499 1429 631 1505; x_wconf 89' lang='lat' dir='ltr'>certius</span> <span class='ocrx_word' id='word_1_56' title='bbox 660 1431 748 1504; x_wconf 92' lang='lat' dir='ltr'>mihi</span> <span class='ocrx_word' id='word_1_57' title='bbox 775 1431 927 1518; x_wconf 87' lang='lat' dir='ltr'>videtur,</span> <span class='ocrx_word' id='word_1_58' title='bbox 962 1441 1057 1516; x_wconf 69' lang='grc' dir='ltr'>Ῥέαν</span> <span class='ocrx_word' id='word_1_59' title='bbox 1090 1409 1198 1524; x_wconf 72' lang='lat' dir='ltr'>deam</span> <span class='ocrx_word' id='word_1_60' title='bbox 1226 1430 1367 1521; x_wconf 85' lang='lat' dir='ltr'>sincere</span> 
     </span>
     <span class='ocr_line' id='line_1_10' title="bbox 194 1554 1366 1653; baseline 0.001 -25"><span class='ocrx_word' id='word_1_61' title='bbox 194 1555 386 1641; x_wconf 87' lang='lat' dir='ltr'>Graecam,</span> <span class='ocrx_word' id='word_1_62' title='bbox 419 1580 514 1650; x_wconf 89' lang='lat' dir='ltr'>quae</span> <span class='ocrx_word' id='word_1_63' title='bbox 549 1581 814 1653; x_wconf 88' lang='lat' dir='ltr'>saepenumero</span> <span class='ocrx_word' id='word_1_64' title='bbox 852 1557 960 1631; x_wconf 91' lang='lat' dir='ltr'>etiam</span> <span class='ocrx_word' id='word_1_65' title='bbox 993 1554 1281 1653; x_wconf 85' lang='lat' dir='ltr'>ascriptoribus</span> <span class='ocrx_word' id='word_1_66' title='bbox 1308 1583 1366 1629; x_wconf 89' lang='lat' dir='ltr'>ve-</span> 
     </span>
     <span class='ocr_line' id='line_1_11' title="bbox 193 1678 1366 1782; baseline 0.001 -30"><span class='ocrx_word' id='word_1_67' title='bbox 193 1678 331 1754; x_wconf 89' lang='lat' dir='ltr'>teribus</span> <span class='ocrx_word' id='word_1_68' title='bbox 372 1679 460 1775; x_wconf 91' lang='lat' dir='ltr'>ipsis</span> <span class='ocrx_word' id='word_1_69' title='bbox 491 1688 622 1774; x_wconf 77' lang='grc' dir='ltr'><em>Κυβήλῃ</em></span> <span class='ocrx_word' id='word_1_70' title='bbox 655 1681 872 1777; x_wconf 88' lang='lat' dir='ltr'>assimilatur</span> <span class='ocrx_word' id='word_1_71' title='bbox 885 1678 920 1782; x_wconf 73' lang='lat'>⁴),</span> <span class='ocrx_word' id='word_1_72' title='bbox 957 1707 1076 1777; x_wconf 89' lang='lat' dir='ltr'>neque</span> <span class='ocrx_word' id='word_1_73' title='bbox 1103 1706 1188 1768; x_wconf 84' lang='lat' dir='ltr'>cum</span> <span class='ocrx_word' id='word_1_74' title='bbox 1217 1680 1366 1764; x_wconf 90' lang='lat' dir='ltr'>numine</span> 
     </span>
     <span class='ocr_line' id='line_1_12' title="bbox 193 1800 1365 1900; baseline 0.003 -24"><span class='ocrx_word' id='word_1_75' title='bbox 193 1805 355 1899; x_wconf 84' lang='lat' dir='ltr'>quodam</span> <span class='ocrx_word' id='word_1_76' title='bbox 394 1804 568 1890; x_wconf 82' lang='lat' dir='ltr'>Semitico</span> <span class='ocrx_word' id='word_1_77' title='bbox 601 1800 879 1900; x_wconf 91' lang='lat' dir='ltr'>quodammodo</span> <span class='ocrx_word' id='word_1_78' title='bbox 908 1807 1104 1885; x_wconf 83' lang='lat' dir='ltr'>cohaerere</span> <span class='ocrx_word' id='word_1_79' title='bbox 1132 1831 1251 1900; x_wconf 78' lang='lat' dir='ltr'>neque</span> <span class='ocrx_word' id='word_1_80' title='bbox 1279 1830 1365 1892; x_wconf 90' lang='lat' dir='ltr'>cum</span> 
     </span>
     <span class='ocr_line' id='line_1_13' title="bbox 193 1915 1366 2031; baseline 0 -30"><span class='ocrx_word' id='word_1_81' title='bbox 193 1929 356 2027; x_wconf 89' lang='lat' dir='ltr'>Phrygia</span> <span class='ocrx_word' id='word_1_82' title='bbox 383 1928 443 2002; x_wconf 90' lang='lat' dir='ltr'>illa</span> <span class='ocrx_word' id='word_1_83' title='bbox 470 1931 540 2003; x_wconf 90' lang='lat' dir='ltr'>dea</span> <span class='ocrx_word' id='word_1_84' title='bbox 567 1956 641 2005; x_wconf 91' lang='lat' dir='ltr'>non</span> <span class='ocrx_word' id='word_1_85' title='bbox 660 1930 728 2008; x_wconf 93' lang='lat' dir='ltr'>nisi</span> <span class='ocrx_word' id='word_1_86' title='bbox 748 1932 866 2016; x_wconf 90' lang='lat' dir='ltr'>obiter</span> <span class='ocrx_word' id='word_1_87' title='bbox 884 1915 1086 2015; x_wconf 78' lang='lat' dir='ltr'>connexam</span> <span class='ocrx_word' id='word_1_88' title='bbox 1106 1930 1217 2005; x_wconf 90' lang='lat' dir='ltr'>fuisse</span> <span class='ocrx_word' id='word_1_89' title='bbox 1230 1926 1266 2031; x_wconf 69' lang='lat'>⁵).</span> <span class='ocrx_word' id='word_1_90' title='bbox 1289 1939 1366 2011; x_wconf 77' lang='grc' dir='ltr'>Ῥέα</span> 
     </span>
     <span class='ocr_line' id='line_1_14' title="bbox 193 2053 1365 2154; baseline 0.003 -28"><span class='ocrx_word' id='word_1_91' title='bbox 193 2053 289 2150; x_wconf 88' lang='lat' dir='ltr'>enim</span> <span class='ocrx_word' id='word_1_92' title='bbox 331 2056 559 2141; x_wconf 84' lang='lat' dir='ltr'>Graecorum</span> <span class='ocrx_word' id='word_1_93' title='bbox 601 2081 736 2129; x_wconf 88' lang='lat' dir='ltr'>numen</span> <span class='ocrx_word' id='word_1_94' title='bbox 779 2056 846 2129; x_wconf 93' lang='lat' dir='ltr'>fuit</span> <span class='ocrx_word' id='word_1_95' title='bbox 881 2056 1082 2154; x_wconf 91' lang='lat' dir='ltr'>genuinum</span> <span class='ocrx_word' id='word_1_96' title='bbox 1115 2069 1226 2151; x_wconf 84' lang='lat' dir='ltr'>atque</span> <span class='ocrx_word' id='word_1_97' title='bbox 1252 2055 1365 2146; x_wconf 82' lang='lat' dir='ltr'>since-</span> 
     </span>
     <span class='ocr_line' id='line_1_15' title="bbox 193 2179 1365 2278; baseline 0.003 -27"><span class='ocrx_word' id='word_1_98' title='bbox 193 2204 283 2264; x_wconf 90' lang='lat' dir='ltr'>rum,</span> <span class='ocrx_word' id='word_1_99' title='bbox 324 2192 360 2258; x_wconf 87' lang='lat' dir='ltr'>et</span> <span class='ocrx_word' id='word_1_100' title='bbox 388 2205 591 2275; x_wconf 88' lang='lat' dir='ltr'>nusquam,</span> <span class='ocrx_word' id='word_1_101' title='bbox 633 2183 735 2276; x_wconf 89' lang='lat' dir='ltr'>quod</span> <span class='ocrx_word' id='word_1_102' title='bbox 763 2182 933 2278; x_wconf 87' lang='lat' dir='ltr'>equidem</span> <span class='ocrx_word' id='word_1_103' title='bbox 962 2181 1086 2268; x_wconf 87' lang='lat' dir='ltr'>sciam,</span> <span class='ocrx_word' id='word_1_104' title='bbox 1113 2181 1150 2255; x_wconf 91' lang='lat' dir='ltr'>in</span> <span class='ocrx_word' id='word_1_105' title='bbox 1178 2179 1365 2266; x_wconf 89' lang='lat' dir='ltr'>montibus</span> 
     </span>
     <span class='ocr_line' id='line_1_16' title="bbox 190 2304 1365 2404; baseline 0.002 -28"><span class='ocrx_word' id='word_1_106' title='bbox 190 2304 413 2383; x_wconf 88' lang='lat' dir='ltr'>venerationi</span> <span class='ocrx_word' id='word_1_107' title='bbox 454 2305 530 2379; x_wconf 78' lang='lat' dir='ltr'>fuit.</span> <span class='ocrx_word' id='word_1_108' title='bbox 572 2307 611 2378; x_wconf 93' lang='lat' dir='ltr'>In</span> <span class='ocrx_word' id='word_1_109' title='bbox 655 2306 789 2404; x_wconf 91' lang='lat' dir='ltr'>mythis</span> <span class='ocrx_word' id='word_1_110' title='bbox 830 2321 982 2393; x_wconf 87' lang='lat' dir='ltr'>tanturn,</span> <span class='ocrx_word' id='word_1_111' title='bbox 1023 2305 1157 2401; x_wconf 92' lang='lat' dir='ltr'>quibus</span> <span class='ocrx_word' id='word_1_112' title='bbox 1190 2318 1365 2392; x_wconf 78' lang='lat' dir='ltr'>narratur,</span> 
     </span>
    </p>
   </div>
   <div class='ocr_carea' id='block_1_3' title="bbox 187 2428 1468 3153">
    <p class='ocr_par' dir='ltr' id='par_1_4' title="bbox 187 2428 1468 3024">
     <span class='ocr_line' id='line_1_17' title="bbox 191 2428 1364 2526; baseline 0.003 -26"><span class='ocrx_word' id='word_1_113' title='bbox 191 2431 381 2524; x_wconf 91' lang='lat' dir='ltr'>quomodo</span> <span class='ocrx_word' id='word_1_114' title='bbox 409 2430 444 2502; x_wconf 96' lang='lat' dir='ltr'>in</span> <span class='ocrx_word' id='word_1_115' title='bbox 474 2430 653 2509; x_wconf 89' lang='lat' dir='ltr'>montium</span> <span class='ocrx_word' id='word_1_116' title='bbox 682 2431 829 2506; x_wconf 87' lang='lat' dir='ltr'>latebris</span> <span class='ocrx_word' id='word_1_117' title='bbox 863 2444 935 2516; x_wconf 78' lang='grc' dir='ltr'>Διός</span> <span class='ocrx_word' id='word_1_118' title='bbox 966 2445 1081 2504; x_wconf 87' lang='lat' dir='ltr'>mater</span> <span class='ocrx_word' id='word_1_119' title='bbox 1109 2430 1223 2517; x_wconf 86' lang='lat' dir='ltr'>lilium</span> <span class='ocrx_word' id='word_1_120' title='bbox 1256 2428 1364 2526; x_wconf 87' lang='lat' dir='ltr'>pepe-</span> 
     </span>
     <span class='ocr_line' id='line_1_18' title="bbox 191 2553 1468 2654; baseline 0.001 -28"><span class='ocrx_word' id='word_1_121' title='bbox 191 2554 284 2640; x_wconf 77' lang='lat' dir='ltr'>rerit,</span> <span class='ocrx_word' id='word_1_122' title='bbox 325 2579 435 2649; x_wconf 84' lang='lat' dir='ltr'>quem</span> <span class='ocrx_word' id='word_1_123' title='bbox 477 2555 610 2635; x_wconf 88' lang='lat' dir='ltr'>deinde</span> <span class='ocrx_word' id='word_1_124' title='bbox 650 2556 821 2654; x_wconf 93' lang='lat' dir='ltr'>nymphis</span> <span class='ocrx_word' id='word_1_125' title='bbox 863 2557 1095 2630; x_wconf 88' lang='lat' dir='ltr'>educandum</span> <span class='ocrx_word' id='word_1_126' title='bbox 1130 2553 1364 2641; x_wconf 86' lang='lat' dir='ltr'>mandaverit,</span> <span class='ocrx_word' id='word_1_127' title='bbox 1466 2565 1468 2569; x_wconf 83' lang='grc'><strong>’</strong></span> 
     </span>
     <span class='ocr_line' id='line_1_19' title="bbox 190 2679 1370 2778; baseline 0.002 -25"><span class='ocrx_word' id='word_1_128' title='bbox 190 2692 333 2759; x_wconf 88' lang='lat' dir='ltr'>montes</span> <span class='ocrx_word' id='word_1_129' title='bbox 360 2679 523 2756; x_wconf 90' lang='lat' dir='ltr'>nonnulli</span> <span class='ocrx_word' id='word_1_130' title='bbox 551 2681 720 2778; x_wconf 86' lang='lat' dir='ltr'>religiose</span> <span class='ocrx_word' id='word_1_131' title='bbox 749 2695 1102 2768; x_wconf 61' lang='lat' dir='ltr'>commemorantum</span> <span class='ocrx_word' id='word_1_132' title='bbox 1131 2706 1226 2776; x_wconf 87' lang='lat' dir='ltr'>quae</span> <span class='ocrx_word' id='word_1_133' title='bbox 1239 2694 1370 2767; x_wconf 86' lang='lat' dir='ltr'>tamen</span> 
     </span>
     <span class='ocr_line' id='line_1_20' title="bbox 189 2802 1362 2904; baseline 0.001 -28"><span class='ocrx_word' id='word_1_134' title='bbox 189 2802 343 2890; x_wconf 88' lang='lat' dir='ltr'>fabulae,</span> <span class='ocrx_word' id='word_1_135' title='bbox 383 2805 477 2878; x_wconf 91' lang='lat' dir='ltr'>sicut</span> <span class='ocrx_word' id='word_1_136' title='bbox 517 2830 629 2901; x_wconf 86' lang='lat' dir='ltr'>supra</span> <span class='ocrx_word' id='word_1_137' title='bbox 656 2807 814 2881; x_wconf 90' lang='lat' dir='ltr'>vidimus</span> <span class='ocrx_word' id='word_1_138' title='bbox 828 2802 863 2904; x_wconf 78' lang='lat'>⁶),</span> <span class='ocrx_word' id='word_1_139' title='bbox 895 2805 1017 2903; x_wconf 89' lang='lat' dir='ltr'>potius</span> <span class='ocrx_word' id='word_1_140' title='bbox 1045 2806 1093 2883; x_wconf 87' lang='lat' dir='ltr'>ad</span> <span class='ocrx_word' id='word_1_141' title='bbox 1120 2804 1362 2895; x_wconf 78' lang='lat' dir='ltr'>celsissimum</span> 
     </span>
     <span class='ocr_line' id='line_1_21' title="bbox 187 2929 1114 3024; baseline 0.002 -22"><span class='ocrx_word' id='word_1_142' title='bbox 187 2929 299 3005; x_wconf 90' lang='lat' dir='ltr'>deum</span> <span class='ocrx_word' id='word_1_143' title='bbox 324 2941 393 3016; x_wconf 77' lang='lat' dir='ltr'>Ata,</span> <span class='ocrx_word' id='word_1_144' title='bbox 417 2955 528 3024; x_wconf 88' lang='lat' dir='ltr'>quam</span> <span class='ocrx_word' id='word_1_145' title='bbox 557 2930 605 3007; x_wconf 86' lang='lat' dir='ltr'>ad</span> <span class='ocrx_word' id='word_1_146' title='bbox 629 2940 713 3004; x_wconf 63' lang='lat' dir='ltr'>Plan</span> <span class='ocrx_word' id='word_1_147' title='bbox 737 2931 949 3014; x_wconf 81' lang='lat' dir='ltr'>referendae</span> <span class='ocrx_word' id='word_1_148' title='bbox 976 2945 1068 3005; x_wconf 91' lang='lat' dir='ltr'>sunt.</span> <span class='ocrx_word' id='word_1_149' title='bbox 1113 2971 1114 2974; x_wconf 35' lang='lat'>¹</span> 
     </span>
    </p>

    <p class='ocr_par' dir='ltr' id='par_1_5' title="bbox 240 3053 1362 3153">
     <span class='ocr_line' id='line_1_22' title="bbox 240 3053 1362 3153; baseline 0.005 -27"><span class='ocrx_word' id='word_1_150' title='bbox 240 3055 383 3135; x_wconf 91' lang='lat' dir='ltr'>Dubito</span> <span class='ocrx_word' id='word_1_151' title='bbox 425 3054 544 3152; x_wconf 84' lang='lat' dir='ltr'>igitur,</span> <span class='ocrx_word' id='word_1_152' title='bbox 585 3081 673 3128; x_wconf 93' lang='lat' dir='ltr'>num</span> <span class='ocrx_word' id='word_1_153' title='bbox 716 3070 815 3137; x_wconf 84' lang='lat' dir='ltr'>recte</span> <span class='ocrx_word' id='word_1_154' title='bbox 851 3056 978 3153; x_wconf 83' lang='lat' dir='ltr'>paucis</span> <span class='ocrx_word' id='word_1_155' title='bbox 1009 3056 1110 3137; x_wconf 87' lang='lat' dir='ltr'>hisce</span> <span class='ocrx_word' id='word_1_156' title='bbox 1137 3053 1362 3152; x_wconf 85' lang='lat' dir='ltr'>argumentis</span> 
     </span>
    </p>
   </div>
   <div class='ocr_carea' id='block_1_4' title="bbox 113 3277 1361 4266">
    <p class='ocr_par' dir='ltr' id='par_1_6' title="bbox 224 3277 915 3344">
     <span class='ocr_line' id='line_1_23' title="bbox 224 3277 915 3344; baseline 0.004 -17"><span class='ocrx_word' id='word_1_157' title='bbox 224 3279 249 3341; x_wconf 87' lang='lat'>1)</span> <span class='ocrx_word' id='word_1_158' title='bbox 268 3279 307 3328; x_wconf 93' lang='lat' dir='ltr'>Cf.</span> <span class='ocrx_word' id='word_1_159' title='bbox 327 3278 495 3338; x_wconf 89' lang='lat' dir='ltr'>Prell.·Rob.,</span> <span class='ocrx_word' id='word_1_160' title='bbox 515 3277 615 3328; x_wconf 87' lang='lat' dir='ltr'>Griech.</span> <span class='ocrx_word' id='word_1_161' title='bbox 634 3278 739 3343; x_wconf 87' lang='lat' dir='ltr'>Myth.⁴</span> <span class='ocrx_word' id='word_1_162' title='bbox 757 3279 771 3326; x_wconf 97' lang='lat' dir='ltr'>I</span> <span class='ocrx_word' id='word_1_163' title='bbox 790 3291 839 3344; x_wconf 84' lang='lat'>345</span> <span class='ocrx_word' id='word_1_164' title='bbox 860 3296 915 3344; x_wconf 93' lang='lat' dir='ltr'>sqq.</span> 
     </span>
    </p>

    <p class='ocr_par' dir='ltr' id='par_1_7' title="bbox 113 3366 1361 3992">
     <span class='ocr_line' id='line_1_24' title="bbox 222 3366 1361 3433; baseline 0.004 -17"><span class='ocrx_word' id='word_1_165' title='bbox 222 3366 247 3433; x_wconf 90' lang='lat'>2)</span> <span class='ocrx_word' id='word_1_166' title='bbox 268 3372 293 3416; x_wconf 84' lang='lat' dir='ltr'>A</span> <span class='ocrx_word' id='word_1_167' title='bbox 312 3370 384 3417; x_wconf 86' lang='lat' dir='ltr'>variis</span> <span class='ocrx_word' id='word_1_168' title='bbox 394 3369 530 3425; x_wconf 88' lang='lat' dir='ltr'>montibus,</span> <span class='ocrx_word' id='word_1_169' title='bbox 541 3369 584 3416; x_wconf 89' lang='lat' dir='ltr'>ubi</span> <span class='ocrx_word' id='word_1_170' title='bbox 598 3369 750 3417; x_wconf 86' lang='lat' dir='ltr'>venerationi</span> <span class='ocrx_word' id='word_1_171' title='bbox 763 3378 822 3428; x_wconf 88' lang='lat' dir='ltr'>erat,</span> <span class='ocrx_word' id='word_1_172' title='bbox 836 3370 902 3417; x_wconf 87' lang='lat' dir='ltr'>varia</span> <span class='ocrx_word' id='word_1_173' title='bbox 915 3369 1017 3417; x_wconf 85' lang='lat' dir='ltr'>nomina</span> <span class='ocrx_word' id='word_1_174' title='bbox 1030 3369 1121 3433; x_wconf 87' lang='lat' dir='ltr'>adepta</span> <span class='ocrx_word' id='word_1_175' title='bbox 1135 3374 1172 3416; x_wconf 89' lang='lat' dir='ltr'>est</span> <span class='ocrx_word' id='word_1_176' title='bbox 1186 3368 1247 3416; x_wconf 79' lang='lat' dir='ltr'>dea:</span> <span class='ocrx_word' id='word_1_177' title='bbox 1268 3371 1361 3420; x_wconf 80' lang='grc' dir='ltr'>Σιπυ-</span> 
     </span>
     <span class='ocr_line' id='line_1_25' title="bbox 186 3456 1361 3533; baseline 0 -21"><span class='ocrx_word' id='word_1_178' title='bbox 186 3462 254 3533; x_wconf 72' lang='lat' dir='ltr'>lq&#39;rq</span> <span class='ocrx_word' id='word_1_179' title='bbox 272 3462 366 3530; x_wconf 87' lang='lat' dir='ltr'>(Strab.</span> <span class='ocrx_word' id='word_1_180' title='bbox 382 3465 412 3511; x_wconf 88' lang='lat' dir='ltr'>X</span> <span class='ocrx_word' id='word_1_181' title='bbox 423 3462 483 3526; x_wconf 84' lang='lat'>469.</span> <span class='ocrx_word' id='word_1_182' title='bbox 506 3463 535 3512; x_wconf 89' lang='lat' dir='ltr'>C.</span> <span class='ocrx_word' id='word_1_183' title='bbox 546 3464 567 3513; x_wconf 92' lang='lat' dir='ltr'>I.</span> <span class='ocrx_word' id='word_1_184' title='bbox 578 3463 608 3512; x_wconf 90' lang='lat' dir='ltr'>G.</span> <span class='ocrx_word' id='word_1_185' title='bbox 619 3473 698 3526; x_wconf 84' lang='lat'>3137,</span> <span class='ocrx_word' id='word_1_186' title='bbox 709 3476 786 3526; x_wconf 83' lang='lat'>3193,</span> <span class='ocrx_word' id='word_1_187' title='bbox 799 3463 876 3526; x_wconf 80' lang='lat'>3260,</span> <span class='ocrx_word' id='word_1_188' title='bbox 888 3463 966 3526; x_wconf 80' lang='lat'>3286,</span> <span class='ocrx_word' id='word_1_189' title='bbox 978 3464 1066 3527; x_wconf 65' lang='lat'>3385),</span> <span class='ocrx_word' id='word_1_190' title='bbox 1088 3456 1361 3533; x_wconf 73' lang='lat' dir='ltr'>Arrdupn&#39;rq(Strab.</span> 
     </span>
     <span class='ocr_line' id='line_1_26' title="bbox 184 3556 1360 3622; baseline -0.001 -15"><span class='ocrx_word' id='word_1_191' title='bbox 184 3561 213 3607; x_wconf 88' lang='lat' dir='ltr'>X</span> <span class='ocrx_word' id='word_1_192' title='bbox 232 3558 293 3621; x_wconf 84' lang='lat'>469.</span> <span class='ocrx_word' id='word_1_193' title='bbox 312 3559 410 3608; x_wconf 88' lang='lat' dir='ltr'>Herod.</span> <span class='ocrx_word' id='word_1_194' title='bbox 429 3559 442 3605; x_wconf 94' lang='lat' dir='ltr'>I</span> <span class='ocrx_word' id='word_1_195' title='bbox 462 3558 504 3606; x_wconf 91' lang='lat'>80.</span> <span class='ocrx_word' id='word_1_196' title='bbox 523 3556 604 3607; x_wconf 87' lang='lat' dir='ltr'>Anth.</span> <span class='ocrx_word' id='word_1_197' title='bbox 625 3558 680 3606; x_wconf 87' lang='lat' dir='ltr'>Pal.</span> <span class='ocrx_word' id='word_1_198' title='bbox 699 3559 739 3607; x_wconf 90' lang='lat' dir='ltr'>VI</span> <span class='ocrx_word' id='word_1_199' title='bbox 759 3569 801 3622; x_wconf 83' lang='lat'>51.</span> <span class='ocrx_word' id='word_1_200' title='bbox 820 3560 882 3609; x_wconf 90' lang='lat' dir='ltr'>Luc.</span> <span class='ocrx_word' id='word_1_201' title='bbox 901 3560 975 3622; x_wconf 87' lang='lat' dir='ltr'>Trag.</span> <span class='ocrx_word' id='word_1_202' title='bbox 996 3572 1039 3621; x_wconf 90' lang='grc' dir='ltr'>3ο.</span> <span class='ocrx_word' id='word_1_203' title='bbox 1058 3559 1136 3622; x_wconf 86' lang='lat' dir='ltr'>Verg.</span> <span class='ocrx_word' id='word_1_204' title='bbox 1155 3561 1223 3606; x_wconf 90' lang='lat' dir='ltr'>Aen.</span> <span class='ocrx_word' id='word_1_205' title='bbox 1233 3557 1360 3621; x_wconf 80' lang='grc' dir='ltr'>ΙΧ618),</span> 
     </span>
     <span class='ocr_line' id='line_1_27' title="bbox 113 3645 1360 3722; baseline -0.002 -22"><span class='ocrx_word' id='word_1_206' title='bbox 113 3674 115 3678; x_wconf 95' lang='lat'>·</span> <span class='ocrx_word' id='word_1_207' title='bbox 183 3645 279 3706; x_wconf 69' lang='grc' dir='ltr'><strong><em>Ἰδαία</em></strong></span> <span class='ocrx_word' id='word_1_208' title='bbox 310 3648 381 3711; x_wconf 85' lang='lat' dir='ltr'>(Eur.</span> <span class='ocrx_word' id='word_1_209' title='bbox 405 3649 449 3698; x_wconf 92' lang='lat' dir='ltr'>Or.</span> <span class='ocrx_word' id='word_1_210' title='bbox 473 3659 548 3712; x_wconf 81' lang='lat'><strong>1453·</strong></span> <span class='ocrx_word' id='word_1_211' title='bbox 576 3646 664 3711; x_wconf 90' lang='lat' dir='ltr'>Apoll.</span> <span class='ocrx_word' id='word_1_212' title='bbox 684 3646 772 3699; x_wconf 92' lang='lat' dir='ltr'>Rh.I</span> <span class='ocrx_word' id='word_1_213' title='bbox 794 3660 869 3711; x_wconf 84' lang='lat'>1125.</span> <span class='ocrx_word' id='word_1_214' title='bbox 897 3649 979 3699; x_wconf 86' lang='lat' dir='ltr'>Strab.</span> <span class='ocrx_word' id='word_1_215' title='bbox 998 3650 1028 3696; x_wconf 88' lang='lat' dir='ltr'>X</span> <span class='ocrx_word' id='word_1_216' title='bbox 1048 3648 1120 3712; x_wconf 90' lang='grc'>469),</span> <span class='ocrx_word' id='word_1_217' title='bbox 1141 3648 1247 3722; x_wconf 59' lang='lat' dir='ltr'>Tapaiy</span> <span class='ocrx_word' id='word_1_218' title='bbox 1266 3645 1360 3714; x_wconf 85' lang='lat' dir='ltr'>(strab.</span> 
     </span>
     <span class='ocr_line' id='line_1_28' title="bbox 183 3739 1360 3817; baseline 0 -25"><span class='ocrx_word' id='word_1_219' title='bbox 183 3746 254 3793; x_wconf 89' lang='lat' dir='ltr'>XIII</span> <span class='ocrx_word' id='word_1_220' title='bbox 274 3744 345 3808; x_wconf 79' lang='lat'>589),</span> <span class='ocrx_word' id='word_1_221' title='bbox 368 3743 534 3817; x_wconf 69' lang='lat' dir='ltr'>&#39;Aonopijp</span> <span class='ocrx_word' id='word_1_222' title='bbox 552 3740 648 3808; x_wconf 82' lang='lat' dir='ltr'>(strab.</span> <span class='ocrx_word' id='word_1_223' title='bbox 666 3741 724 3788; x_wconf 87' lang='lat' dir='ltr'>XII</span> <span class='ocrx_word' id='word_1_224' title='bbox 744 3741 812 3803; x_wconf 79' lang='grc'>619),</span> <span class='ocrx_word' id='word_1_225' title='bbox 833 3741 1005 3816; x_wconf 69' lang='lat' dir='ltr'>Hspynpp&#39;vq</span> <span class='ocrx_word' id='word_1_226' title='bbox 1015 3743 1056 3806; x_wconf 82' lang='lat' dir='ltr'>(C.</span> <span class='ocrx_word' id='word_1_227' title='bbox 1067 3744 1087 3793; x_wconf 92' lang='grc' dir='ltr'>Ῑ.</span> <span class='ocrx_word' id='word_1_228' title='bbox 1099 3744 1131 3793; x_wconf 88' lang='lat' dir='ltr'>G.</span> <span class='ocrx_word' id='word_1_229' title='bbox 1142 3743 1230 3808; x_wconf 75' lang='lat'>0835),</span> <span class='ocrx_word' id='word_1_230' title='bbox 1240 3739 1360 3812; x_wconf 66' lang='grc' dir='ltr'><strong><em>Κυβέλη</em></strong></span> 
     </span>
     <span class='ocr_line' id='line_1_29' title="bbox 183 3834 1359 3908; baseline 0.002 -19"><span class='ocrx_word' id='word_1_231' title='bbox 183 3840 275 3904; x_wconf 87' lang='lat' dir='ltr'>(Strab.</span> <span class='ocrx_word' id='word_1_232' title='bbox 286 3841 344 3889; x_wconf 86' lang='lat' dir='ltr'>XII</span> <span class='ocrx_word' id='word_1_233' title='bbox 355 3840 414 3905; x_wconf 81' lang='lat'>567.</span> <span class='ocrx_word' id='word_1_234' title='bbox 435 3840 548 3905; x_wconf 86' lang='lat' dir='ltr'>Hcsych.</span> <span class='ocrx_word' id='word_1_235' title='bbox 568 3858 588 3894; x_wconf 84' lang='lat' dir='ltr'>s,</span> <span class='ocrx_word' id='word_1_236' title='bbox 608 3856 631 3892; x_wconf 88' lang='lat' dir='ltr'>v.</span> <span class='ocrx_word' id='word_1_237' title='bbox 651 3834 771 3908; x_wconf 74' lang='grc' dir='ltr'><strong><em>Κύβελα</em></strong></span> <span class='ocrx_word' id='word_1_238' title='bbox 790 3837 879 3900; x_wconf 83' lang='lat' dir='ltr'>(Diod.</span> <span class='ocrx_word' id='word_1_239' title='bbox 898 3839 949 3888; x_wconf 89' lang='lat' dir='ltr'>Sic.</span> <span class='ocrx_word' id='word_1_240' title='bbox 968 3837 1061 3902; x_wconf 84' lang='lat'>11158.</span> <span class='ocrx_word' id='word_1_241' title='bbox 1081 3839 1150 3889; x_wconf 84' lang='lat' dir='ltr'>Serv.</span> <span class='ocrx_word' id='word_1_242' title='bbox 1169 3839 1194 3888; x_wconf 88' lang='lat' dir='ltr'>in</span> <span class='ocrx_word' id='word_1_243' title='bbox 1206 3842 1282 3905; x_wconf 82' lang='lat' dir='ltr'>Vorg.</span> <span class='ocrx_word' id='word_1_244' title='bbox 1292 3845 1359 3892; x_wconf 91' lang='lat' dir='ltr'>Aen.</span> 
     </span>
     <span class='ocr_line' id='line_1_30' title="bbox 184 3930 318 3992; baseline 0 -15"><span class='ocrx_word' id='word_1_245' title='bbox 184 3931 225 3978; x_wconf 92' lang='grc' dir='ltr'>ΙΙΙ</span> <span class='ocrx_word' id='word_1_246' title='bbox 248 3930 318 3992; x_wconf 83' lang='grc' dir='ltr'>ιιο).</span> 
     </span>
    </p>

    <p class='ocr_par' dir='ltr' id='par_1_8' title="bbox 218 4018 1358 4092">
     <span class='ocr_line' id='line_1_31' title="bbox 218 4018 1358 4092; baseline 0.009 -26"><span class='ocrx_word' id='word_1_247' title='bbox 218 4020 245 4082; x_wconf 86' lang='grc'>3)</span> <span class='ocrx_word' id='word_1_248' title='bbox 264 4019 304 4068; x_wconf 91' lang='lat' dir='ltr'>Cf.</span> <span class='ocrx_word' id='word_1_249' title='bbox 315 4018 347 4067; x_wconf 91' lang='lat' dir='ltr'>E.</span> <span class='ocrx_word' id='word_1_250' title='bbox 358 4018 452 4086; x_wconf 75' lang='lat' dir='ltr'>Meyer,</span> <span class='ocrx_word' id='word_1_251' title='bbox 472 4019 563 4070; x_wconf 78' lang='lat' dir='ltr'>(iesch.</span> <span class='ocrx_word' id='word_1_252' title='bbox 574 4021 599 4069; x_wconf 90' lang='lat' dir='ltr'>d.</span> <span class='ocrx_word' id='word_1_253' title='bbox 611 4021 719 4071; x_wconf 85' lang='lat' dir='ltr'>Alterth.</span> <span class='ocrx_word' id='word_1_254' title='bbox 730 4023 743 4069; x_wconf 92' lang='grc' dir='ltr'>Ι</span> <span class='ocrx_word' id='word_1_255' title='bbox 754 4021 804 4084; x_wconf 88' lang='grc'>308</span> <span class='ocrx_word' id='word_1_256' title='bbox 816 4022 830 4086; x_wconf 78' lang='lat'>§</span> <span class='ocrx_word' id='word_1_257' title='bbox 842 4035 855 4069; x_wconf 91' lang='lat'><strong>2</strong></span> <span class='ocrx_word' id='word_1_258' title='bbox 859 4033 901 4086; x_wconf 85' lang='lat'>57.</span> <span class='ocrx_word' id='word_1_259' title='bbox 912 4023 987 4072; x_wconf 87' lang='lat' dir='ltr'>Ferd.</span> <span class='ocrx_word' id='word_1_260' title='bbox 999 4039 1023 4072; x_wconf 90' lang='lat' dir='ltr'>v.</span> <span class='ocrx_word' id='word_1_261' title='bbox 1033 4023 1155 4083; x_wconf 83' lang='lat' dir='ltr'>Andrian,</span> <span class='ocrx_word' id='word_1_262' title='bbox 1167 4023 1284 4076; x_wconf 79' lang='lat' dir='ltr'>Hdhenc.</span> <span class='ocrx_word' id='word_1_263' title='bbox 1297 4038 1358 4092; x_wconf 81' lang='lat'>259.</span> 
     </span>
    </p>

    <p class='ocr_par' dir='ltr' id='par_1_9' title="bbox 218 4106 905 4176">
     <span class='ocr_line' id='line_1_32' title="bbox 218 4106 905 4176; baseline 0.004 -21"><span class='ocrx_word' id='word_1_264' title='bbox 218 4112 244 4172; x_wconf 89' lang='grc'>4)</span> <span class='ocrx_word' id='word_1_265' title='bbox 263 4107 303 4160; x_wconf 90' lang='lat' dir='ltr'>Cf.</span> <span class='ocrx_word' id='word_1_266' title='bbox 324 4106 404 4172; x_wconf 87' lang='lat' dir='ltr'>Orph.</span> <span class='ocrx_word' id='word_1_267' title='bbox 424 4109 522 4172; x_wconf 89' lang='lat' dir='ltr'>Hymn.</span> <span class='ocrx_word' id='word_1_268' title='bbox 542 4110 666 4160; x_wconf 89' lang='lat' dir='ltr'>XXVII.</span> <span class='ocrx_word' id='word_1_269' title='bbox 703 4110 826 4160; x_wconf 83' lang='lat' dir='ltr'>Strab.X</span> <span class='ocrx_word' id='word_1_270' title='bbox 846 4111 905 4176; x_wconf 85' lang='lat'>469.</span> 
     </span>
    </p>

    <p class='ocr_par' dir='ltr' id='par_1_10' title="bbox 220 4197 1132 4266">
     <span class='ocr_line' id='line_1_33' title="bbox 220 4197 1132 4266; baseline 0.002 -20"><span class='ocrx_word' id='word_1_271' title='bbox 220 4202 244 4262; x_wconf 86' lang='grc'>5)</span> <span class='ocrx_word' id='word_1_272' title='bbox 263 4197 303 4246; x_wconf 91' lang='lat' dir='ltr'>Cf.</span> <span class='ocrx_word' id='word_1_273' title='bbox 324 4197 422 4248; x_wconf 88' lang='lat' dir='ltr'>Rosch.</span> <span class='ocrx_word' id='word_1_274' title='bbox 442 4199 517 4248; x_wconf 80' lang='lat' dir='ltr'>Ausi.</span> <span class='ocrx_word' id='word_1_275' title='bbox 539 4199 600 4247; x_wconf 90' lang='lat' dir='ltr'>Lex.</span> <span class='ocrx_word' id='word_1_276' title='bbox 619 4199 646 4247; x_wconf 88' lang='lat' dir='ltr'>II</span> <span class='ocrx_word' id='word_1_277' title='bbox 670 4199 744 4250; x_wconf 79' lang='lat'>1661.</span> <span class='ocrx_word' id='word_1_278' title='bbox 873 4200 901 4265; x_wconf 82' lang='grc'>6)</span> <span class='ocrx_word' id='word_1_279' title='bbox 920 4201 960 4253; x_wconf 89' lang='lat' dir='ltr'>Cf.</span> <span class='ocrx_word' id='word_1_280' title='bbox 980 4216 1022 4266; x_wconf 89' lang='lat' dir='ltr'>pp.</span> <span class='ocrx_word' id='word_1_281' title='bbox 1044 4200 1077 4266; x_wconf 86' lang='lat'>46</span> <span class='ocrx_word' id='word_1_282' title='bbox 1096 4218 1132 4266; x_wconf 86' lang='lat' dir='ltr'>sq.</span> 
     </span>
    </p>
   </div>
   <div class='ocr_carea' id='block_1_5' title="bbox 0 0 1550 4942">
    <p class='ocr_par' dir='ltr' id='par_1_11' title="bbox 0 0 1550 4942">
     <span class='ocr_line' id='line_1_34' title="bbox 0 0 1550 4942; baseline 0 2"><span class='ocrx_word' id='word_1_283' title='bbox 0 0 1550 4942; x_wconf 95' lang='lat' dir='ltr'> </span> 
     </span>
    </p>
   </div>
  </div>
 </body>
</html>
