3090 4942
811 383 833 449 4

235 572 369 646 ambos
397 598 418 643 e
445 572 634 644 communi
663 572 762 645 lonte
781 572 957 659 hausisse,
975 587 1038 646 aut
1056 573 1210 645 alterum
1230 575 1410 670 populum

234 698 282 770 ab
309 697 424 770 altero
439 698 593 770 deorum
608 698 747 770 cultum
762 694 787 796 1)
803 711 1009 771 mutuatum
1025 723 1113 771 esse.
1142 699 1207 770 Nil
1222 698 1333 795 igitur
1348 698 1412 771 mi-

235 847 315 894 rum
331 836 394 908 est,
408 823 655 918 professorem
671 823 930 910 Oxoniensem,
945 823 980 895 in
996 849 1201 920 permagno
1216 824 1411 919 discipulo-

233 972 314 1019 rum
343 972 497 1020 numero
525 973 665 1044 paucos
693 962 833 1020 tantum
862 962 1062 1020 sectatores
1088 948 1271 1035 habuisse,
1285 974 1410 1044 quam-

232 1097 344 1167 quam
373 1098 490 1168 usque
517 1074 566 1145 ad
593 1087 796 1146 extremum
825 1073 922 1146 vitae
941 1072 1092 1170 integris
1108 1074 1245 1146 viribus
1260 1099 1409 1147 causam

231 1222 335 1269 suam
352 1211 480 1270 contra
494 1198 722 1272 adversarios
738 1198 936 1271 defendere
950 1211 1104 1271 conatus
1119 1213 1182 1271 est.
1198 1199 1410 1272 Novissime

231 1321 266 1393 in
295 1322 398 1408 libr0,
440 1322 502 1418 qui
544 1323 752 1396 inscribitur
784 1322 1084 1398 «Contributions
1111 1338 1149 1396 to
1177 1324 1239 1397 the
1266 1324 1409 1396 science
1470 1400 1473 1401 γ

230 1447 270 1519 ol
296 1446 538 1544 mythology»
571 1447 704 1535 omnia,
731 1474 827 1543 quae
846 1447 913 1521 viri
928 1448 1027 1520 docti
1043 1450 1268 1543 protulerant
1281 1463 1410 1521 contra

229 1571 429 1668 opiniones
457 1597 550 1668 quas
564 1573 801 1668 evulgaverat
818 1572 919 1645 libris
938 1575 1137 1646 «Lectures
1151 1599 1199 1645 on
1213 1575 1275 1647 the
1290 1573 1408 1669 origin

229 1698 302 1770 and
329 1696 472 1793 growth
502 1696 542 1768 ol
569 1697 746 1793 religion»
779 1712 814 1769 et
846 1698 982 1794 «Chips
1011 1698 1050 1770 ol
1077 1701 1281 1772 aGerman
1296 1699 1409 1771 work-

229 1823 323 1918 shop
358 1822 535 1895 new-edit.
570 1830 705 1915 1895»,
734 1823 813 1895 luse
838 1824 1014 1896 tractavit.
1056 1825 1149 1896 Prae
1177 1823 1305 1896 ceteris
1334 1823 1408 1895 eth-

228 1948 386 2044 nologos
441 1962 588 2021 strenue
639 1947 841 2044 impugnat,
882 1973 1041 2042 quorum
1084 1949 1336 2022 auctoritatem
1370 1948 1406 2019 in

228 2072 493 2145 dubitationem
536 2086 653 2159 vocat,
681 2073 819 2169 quippe
856 2072 919 2168 qui
947 2073 1159 2170 saepissime
1187 2074 1405 2147 incultorum

227 2197 429 2284 hominum,
447 2256 451 2264 .
471 2223 629 2294 quorum
672 2198 820 2295 linguae
856 2199 965 2293 plane
1007 2200 1116 2272 rudes
1144 2200 1223 2285 sint,
1252 2199 1406 2271 aflerant

229 2323 380 2409 fabulas,
407 2324 701 2396 testimoniorum
730 2337 830 2397 certa
858 2323 932 2396 fide
960 2325 1110 2397 omnino
1139 2338 1312 2397 carentes.

282 2450 474 2522 Praeterea
511 2448 582 2522 alia
610 2474 760 2544 quoque
788 2449 823 2520 in
853 2474 892 2521 re
920 2450 1027 2522 valde
1055 2450 1231 2522 erravisse
1260 2449 1402 2545 mytho-

228 2572 335 2668 logos
377 2574 648 2669 comparativos
689 2575 796 2659 clare,
824 2599 906 2646 mea
933 2574 1082 2668 quidem
1110 2574 1296 2659 sententia
1323 2598 1405 2669 pro-

228 2698 328 2770 bavit
355 2698 529 2795 egregius
556 2698 750 2772 historicus
780 2699 847 2770 Ed.
876 2700 1013 2797 Meyer.
1042 2700 1214 2772 Perhibet
1228 2699 1324 2771 enim
1340 2724 1404 2771 eos

227 2822 454 2918 plerumque,
482 2822 596 2895 nimio
638 2824 760 2896 studio
795 2824 937 2896 fabulas
965 2825 1057 2897 inter
1084 2850 1164 2897 sese
1192 2823 1403 2896 conferendi

227 2948 434 3042 perductos
454 2948 578 3021 omnia
592 2949 667 3021 lere
681 2948 884 3045 neglexisse
899 2963 1063 3022 veterum
1078 2949 1294 3035 testimonia,
1309 2974 1405 3043 quae

230 3172 417 3179 ..-Ἥ
432 3175 442 3179 .-

266 3343 288 3402 Ι)
307 3342 403 3390 Eadem
423 3342 521 3390 monuit
539 3358 562 3389 v.
582 3340 878 3391 Wilamow.·Moellend.
896 3343 921 3390 in
931 3343 1021 3401 studio,
1033 3344 1100 3406 quod
1113 3343 1145 3392 de
1155 3334 1286 3392 Charontis
1297 3360 1403 3408 persona

226 3430 293 3493 apud
321 3431 460 3495 complures
488 3431 596 3495 populos
621 3431 686 3492 agit:
706 3430 789 3478 Philol
810 3431 912 3480 Unters.
932 3431 986 3479 VII
1005 3448 1029 3496 p.
1051 3443 1109 3495 225.
1130 3435 1207 3480 Anm.
1229 3445 1270 3495 23.
1300 3436 1403 3496 „Wenn

226 3517 280 3565 also
306 3519 347 3568 dle
375 3521 527 3581 vorstellung
555 3537 606 3569 von
634 3521 714 3567 einem
747 3518 891 3569 totenllusse
921 3521 971 3568 und
999 3522 1080 3569 einem
1102 3521 1183 3570 seelen
1206 3523 1401 3571 ubersetzenden

226 3609 309 3669 serpen
337 3607 389 3657 sich
416 3607 522 3658 viellach
545 3608 609 3659 auch
630 3609 671 3657 bei
690 3611 786 3658 andern
804 3609 907 3657 villhem
928 3609 1020 3668 finden,
1039 3627 1067 3658 so
1087 3611 1152 3672 zeigt
1173 3611 1225 3659 sich
1245 3612 1401 3675 augenltillig,

226 3695 274 3744 wie
300 3697 415 3747 verkehrt
434 3715 459 3748 cs
479 3699 519 3756 ist,
538 3715 582 3749 aus
602 3699 840 3761 tibereinstimmung
858 3700 902 3746 aul
920 3699 1032 3762 gleichen
1050 3716 1172 3764 ursprung
1193 3701 1330 3763 derartigen
1349 3718 1402 3749 vor-

225 3784 362 3848 stcllungen
381 3804 412 3835 zu
422 3787 557 3836 schllessen
567 3789 628 3837 oder
638 3788 722 3836 besser
734 3816 762 3826 -
777 3789 822 3836 der
832 3804 952 3852 urspmng
963 3789 993 3836 ist
1003 3788 1122 3847 dersabe,
1137 3790 1177 3837 die
1189 3789 1400 3854 volksphantasie‚

224 3874 285 3922 aber
313 3876 381 3923 dicse
406 3875 450 3926 hat
478 3893 509 3925 zu
536 3878 730 3928 verschiedenen
752 3879 834 3926 zeiten
855 3878 896 3925 bei
914 3877 1106 3926 verschiedcnen
1125 3878 1227 3926 vdlhern
1246 3878 1290 3926 das
1308 3878 1402 3941 gleiche

224 3963 440 4027 hervorgebracht.
470 3965 594 4031 Analogie
613 3969 645 4016 ist
664 3983 699 4026 cs,
718 3985 770 4017 was
789 3966 1026 4031 mythenerklltrung
1043 3967 1119 4025 lehrt;
1139 3967 1225 4015 sobald
1244 3969 1280 4015 sle
1298 3969 1341 4015 aul
1360 3968 1402 4015 <lie

224 4053 476 4104 descendcnztheoric
506 4056 579 4106 dahel
608 4058 773 4122 ilberspringt‚
798 4061 867 4119 geriit
895 4059 930 4104 sie
959 4057 984 4104 in
1002 4058 1041 4105 ein
1061 4057 1193 4120 labyrinth.
1222 4056 1348 4105 Versucht
1366 4057 1401 4104 sie

224 4144 284 4191 aber
311 4144 425 4193 vollends
453 4145 495 4194 die
521 4146 626 4211 mythen
652 4148 718 4194 eines
737 4146 824 4195 volkes
843 4146 878 4193 als
897 4145 1128 4194 misverstandnisse
1147 4146 1191 4193 der
1210 4145 1313 4209 mythen
1332 4147 1400 4193 eines

224 4234 317 4282 anilem
337 4252 368 4283 zu
386 4237 514 4294 erveisem
534 4253 563 4284 so
582 4236 648 4284 lockt
667 4238 702 4284 sie
720 4235 810 4284 heinen
829 4235 900 4284 hund
918 4251 975 4282 vom
996 4236 1078 4282 olen.”
