<?xml version="1.0" encoding="UTF-8"?>
<!DOCTYPE html PUBLIC "-//W3C//DTD XHTML 1.0 Transitional//EN"
    "http://www.w3.org/TR/xhtml1/DTD/xhtml1-transitional.dtd">
<html xmlns="http://www.w3.org/1999/xhtml" xml:lang="en" lang="en">
 <head>
  <title>
</title>
<meta http-equiv="Content-Type" content="text/html;charset=utf-8" />
  <meta name='ocr-system' content='tesseract 3.04.00' />
  <meta name='ocr-capabilities' content='ocr_page ocr_carea ocr_par ocr_line ocrx_word'/>
</head>
<body>
  <div class='ocr_page' id='page_1' title='image "./dediisinlocised00albegoog_0037.png"; bbox 0 0 3106 4942; ppageno 0'>
   <div class='ocr_carea' id='block_1_1' title="bbox 751 372 795 437">
    <p class='ocr_par' dir='ltr' id='par_1_1' title="bbox 751 372 795 437">
     <span class='ocr_line' id='line_1_1' title="bbox 751 372 795 437; baseline 0 0"><span class='ocrx_word' id='word_1_1' title='bbox 751 372 795 437; x_wconf 83' lang='lat'>23</span> 
     </span>
    </p>
   </div>
   <div class='ocr_carea' id='block_1_2' title="bbox 108 561 1434 3541">
    <p class='ocr_par' dir='ltr' id='par_1_2' title="bbox 108 561 1434 3541">
     <span class='ocr_line' id='line_1_2' title="bbox 185 561 1360 663; baseline 0.003 -27"><span class='ocrx_word' id='word_1_2' title='bbox 185 565 381 638; x_wconf 85' lang='lat' dir='ltr'>Plutarcho</span> <span class='ocrx_word' id='word_1_3' title='bbox 401 561 426 663; x_wconf 86' lang='lat'>¹)</span> <span class='ocrx_word' id='word_1_4' title='bbox 456 564 527 637; x_wconf 89' lang='lat' dir='ltr'>alia</span> <span class='ocrx_word' id='word_1_5' title='bbox 541 565 723 659; x_wconf 82' lang='lat' dir='ltr'>quaedam</span> <span class='ocrx_word' id='word_1_6' title='bbox 744 563 890 638; x_wconf 90' lang='lat' dir='ltr'>levioris</span> <span class='ocrx_word' id='word_1_7' title='bbox 905 565 1081 638; x_wconf 88' lang='lat' dir='ltr'>momenti</span> <span class='ocrx_word' id='word_1_8' title='bbox 1111 564 1262 662; x_wconf 91' lang='lat' dir='ltr'>adiungi</span> <span class='ocrx_word' id='word_1_9' title='bbox 1278 592 1360 662; x_wconf 93' lang='lat' dir='ltr'>pos-</span> 
     </span>
     <span class='ocr_line' id='line_1_3' title="bbox 184 689 1360 777; baseline 0.002 -14"><span class='ocrx_word' id='word_1_10' title='bbox 184 705 277 777; x_wconf 88' lang='lat' dir='ltr'><strong>sunt,</strong></span> <span class='ocrx_word' id='word_1_11' title='bbox 320 692 433 763; x_wconf 92' lang='lat' dir='ltr'>modo</span> <span class='ocrx_word' id='word_1_12' title='bbox 475 690 522 762; x_wconf 91' lang='lat' dir='ltr'>ad</span> <span class='ocrx_word' id='word_1_13' title='bbox 564 689 704 775; x_wconf 90' lang='lat' dir='ltr'>heroes,</span> <span class='ocrx_word' id='word_1_14' title='bbox 739 691 852 762; x_wconf 92' lang='lat' dir='ltr'>modo</span> <span class='ocrx_word' id='word_1_15' title='bbox 894 691 941 763; x_wconf 92' lang='lat' dir='ltr'>ad</span> <span class='ocrx_word' id='word_1_16' title='bbox 972 704 1114 763; x_wconf 86' lang='lat' dir='ltr'>montes</span> <span class='ocrx_word' id='word_1_17' title='bbox 1143 690 1360 765; x_wconf 91' lang='lat' dir='ltr'>indicandos</span> 
     </span>
     <span class='ocr_line' id='line_1_4' title="bbox 185 813 1360 913; baseline 0 -25"><span class='ocrx_word' id='word_1_18' title='bbox 185 815 404 888; x_wconf 84' lang='lat' dir='ltr'>adhibentur</span> <span class='ocrx_word' id='word_1_19' title='bbox 423 813 458 913; x_wconf 82' lang='lat'>²).</span> <span class='ocrx_word' id='word_1_20' title='bbox 487 814 684 907; x_wconf 79' lang='lat' dir='ltr'>Quaeritur</span> <span class='ocrx_word' id='word_1_21' title='bbox 712 815 831 912; x_wconf 88' lang='lat' dir='ltr'>igitur,</span> <span class='ocrx_word' id='word_1_22' title='bbox 860 841 934 910; x_wconf 95' lang='lat' dir='ltr'>qua</span> <span class='ocrx_word' id='word_1_23' title='bbox 961 815 1101 889; x_wconf 87' lang='lat' dir='ltr'>ratione</span> <span class='ocrx_word' id='word_1_24' title='bbox 1128 816 1220 889; x_wconf 92' lang='lat' dir='ltr'>haec</span> <span class='ocrx_word' id='word_1_25' title='bbox 1239 815 1360 889; x_wconf 91' lang='lat' dir='ltr'>simili-</span> 
     </span>
     <span class='ocr_line' id='line_1_5' title="bbox 184 940 1359 1036; baseline 0.001 -24"><span class='ocrx_word' id='word_1_26' title='bbox 184 942 274 1013; x_wconf 85' lang='lat' dir='ltr'>tudo</span> <span class='ocrx_word' id='word_1_27' title='bbox 303 940 519 1036; x_wconf 87' lang='lat' dir='ltr'>explicanda</span> <span class='ocrx_word' id='word_1_28' title='bbox 545 940 608 1025; x_wconf 90' lang='lat' dir='ltr'>sit;</span> <span class='ocrx_word' id='word_1_29' title='bbox 637 966 721 1013; x_wconf 94' lang='lat' dir='ltr'>nam</span> <span class='ocrx_word' id='word_1_30' title='bbox 751 966 839 1013; x_wconf 89' lang='lat' dir='ltr'>casu</span> <span class='ocrx_word' id='word_1_31' title='bbox 867 954 930 1013; x_wconf 92' lang='lat' dir='ltr'>aut</span> <span class='ocrx_word' id='word_1_32' title='bbox 953 940 1102 1013; x_wconf 86' lang='lat' dir='ltr'>fortuito</span> <span class='ocrx_word' id='word_1_33' title='bbox 1130 941 1270 1014; x_wconf 68' lang='lat' dir='ltr'>iactum</span> <span class='ocrx_word' id='word_1_34' title='bbox 1286 967 1359 1014; x_wconf 91' lang='lat' dir='ltr'>non</span> 
     </span>
     <span class='ocr_line' id='line_1_6' title="bbox 184 1065 1360 1161; baseline 0 -22"><span class='ocrx_word' id='word_1_35' title='bbox 184 1091 272 1152; x_wconf 89' lang='lat' dir='ltr'>esse,</span> <span class='ocrx_word' id='word_1_36' title='bbox 309 1079 349 1138; x_wconf 91' lang='lat' dir='ltr'>ut</span> <span class='ocrx_word' id='word_1_37' title='bbox 385 1079 439 1138; x_wconf 90' lang='lat' dir='ltr'>tot</span> <span class='ocrx_word' id='word_1_38' title='bbox 466 1065 596 1138; x_wconf 89' lang='lat' dir='ltr'>heroes</span> <span class='ocrx_word' id='word_1_39' title='bbox 625 1080 842 1160; x_wconf 90' lang='lat' dir='ltr'>montesque</span> <span class='ocrx_word' id='word_1_40' title='bbox 870 1090 944 1137; x_wconf 95' lang='lat' dir='ltr'>uno</span> <span class='ocrx_word' id='word_1_41' title='bbox 973 1066 1182 1161; x_wconf 86' lang='lat' dir='ltr'>eodemque</span> <span class='ocrx_word' id='word_1_42' title='bbox 1210 1067 1360 1140; x_wconf 92' lang='lat' dir='ltr'>nomine</span> 
     </span>
     <span class='ocr_line' id='line_1_7' title="bbox 184 1189 1356 1286; baseline 0 -23"><span class='ocrx_word' id='word_1_43' title='bbox 184 1191 433 1286; x_wconf 89' lang='lat' dir='ltr'>apellarentur,</span> <span class='ocrx_word' id='word_1_44' title='bbox 475 1190 709 1286; x_wconf 92' lang='lat' dir='ltr'>perspicuum</span> <span class='ocrx_word' id='word_1_45' title='bbox 752 1205 815 1263; x_wconf 90' lang='lat' dir='ltr'>est.</span> <span class='ocrx_word' id='word_1_46' title='bbox 856 1189 933 1263; x_wconf 87' lang='lat' dir='ltr'>Viri</span> <span class='ocrx_word' id='word_1_47' title='bbox 971 1189 1070 1263; x_wconf 92' lang='lat' dir='ltr'>docti</span> <span class='ocrx_word' id='word_1_48' title='bbox 1111 1190 1181 1263; x_wconf 91' lang='lat' dir='ltr'>hac</span> <span class='ocrx_word' id='word_1_49' title='bbox 1227 1192 1274 1264; x_wconf 91' lang='lat' dir='ltr'>de</span> <span class='ocrx_word' id='word_1_50' title='bbox 1317 1217 1356 1263; x_wconf 91' lang='lat' dir='ltr'>re</span> 
     </span>
     <span class='ocr_line' id='line_1_8' title="bbox 185 1315 1360 1412; baseline -0.001 -24"><span class='ocrx_word' id='word_1_51' title='bbox 185 1316 278 1389; x_wconf 88' lang='lat' dir='ltr'>duas</span> <span class='ocrx_word' id='word_1_52' title='bbox 312 1316 347 1387; x_wconf 92' lang='lat' dir='ltr'>in</span> <span class='ocrx_word' id='word_1_53' title='bbox 376 1330 498 1411; x_wconf 90' lang='lat' dir='ltr'>partes</span> <span class='ocrx_word' id='word_1_54' title='bbox 526 1316 714 1412; x_wconf 89' lang='lat' dir='ltr'>disputant</span> <span class='ocrx_word' id='word_1_55' title='bbox 723 1342 731 1401; x_wconf 93' lang='lat'>;</span> <span class='ocrx_word' id='word_1_56' title='bbox 759 1315 819 1388; x_wconf 88' lang='lat' dir='ltr'>alii</span> <span class='ocrx_word' id='word_1_57' title='bbox 848 1342 870 1389; x_wconf 92' lang='lat' dir='ltr'>a</span> <span class='ocrx_word' id='word_1_58' title='bbox 898 1315 1085 1389; x_wconf 93' lang='lat' dir='ltr'>montibus</span> <span class='ocrx_word' id='word_1_59' title='bbox 1113 1315 1267 1388; x_wconf 91' lang='lat' dir='ltr'>heroum</span> <span class='ocrx_word' id='word_1_60' title='bbox 1297 1341 1360 1387; x_wconf 93' lang='lat' dir='ltr'>no-</span> 
     </span>
     <span class='ocr_line' id='line_1_9' title="bbox 184 1440 1357 1527; baseline 0.002 -15"><span class='ocrx_word' id='word_1_61' title='bbox 184 1441 282 1513; x_wconf 91' lang='lat' dir='ltr'>mina</span> <span class='ocrx_word' id='word_1_62' title='bbox 322 1441 518 1527; x_wconf 89' lang='lat' dir='ltr'>deducunt,</span> <span class='ocrx_word' id='word_1_63' title='bbox 560 1441 619 1515; x_wconf 92' lang='lat' dir='ltr'>alii</span> <span class='ocrx_word' id='word_1_64' title='bbox 662 1455 790 1514; x_wconf 90' lang='lat' dir='ltr'>contra</span> <span class='ocrx_word' id='word_1_65' title='bbox 830 1442 961 1515; x_wconf 89' lang='lat' dir='ltr'>heroes</span> <span class='ocrx_word' id='word_1_66' title='bbox 992 1440 1178 1514; x_wconf 89' lang='lat' dir='ltr'>montibus</span> <span class='ocrx_word' id='word_1_67' title='bbox 1206 1441 1357 1514; x_wconf 90' lang='lat' dir='ltr'>nomina</span> 
     </span>
     <span class='ocr_line' id='line_1_10' title="bbox 184 1565 1357 1661; baseline 0.001 -24"><span class='ocrx_word' id='word_1_68' title='bbox 184 1565 358 1639; x_wconf 88' lang='lat' dir='ltr'>indidisse</span> <span class='ocrx_word' id='word_1_69' title='bbox 400 1565 601 1651; x_wconf 85' lang='lat' dir='ltr'>affirmant;</span> <span class='ocrx_word' id='word_1_70' title='bbox 644 1592 770 1641; x_wconf 93' lang='lat' dir='ltr'>verum</span> <span class='ocrx_word' id='word_1_71' title='bbox 813 1565 919 1639; x_wconf 90' lang='lat' dir='ltr'>tertio</span> <span class='ocrx_word' id='word_1_72' title='bbox 961 1591 1111 1661; x_wconf 93' lang='lat' dir='ltr'>quoque</span> <span class='ocrx_word' id='word_1_73' title='bbox 1149 1567 1262 1638; x_wconf 93' lang='lat' dir='ltr'>modo</span> <span class='ocrx_word' id='word_1_74' title='bbox 1305 1592 1357 1638; x_wconf 89' lang='lat' dir='ltr'>ra-</span> 
     </span>
     <span class='ocr_line' id='line_1_11' title="bbox 184 1690 1359 1787; baseline 0.002 -25"><span class='ocrx_word' id='word_1_75' title='bbox 184 1691 329 1777; x_wconf 88' lang='lat' dir='ltr'>tionem,</span> <span class='ocrx_word' id='word_1_76' title='bbox 371 1717 466 1786; x_wconf 90' lang='lat' dir='ltr'>quae</span> <span class='ocrx_word' id='word_1_77' title='bbox 511 1692 684 1764; x_wconf 86' lang='lat' dir='ltr'>exstiterit</span> <span class='ocrx_word' id='word_1_78' title='bbox 726 1692 818 1764; x_wconf 88' lang='lat' dir='ltr'>inter</span> <span class='ocrx_word' id='word_1_79' title='bbox 859 1715 932 1777; x_wconf 71' lang='lat' dir='ltr'>eos</span> <span class='ocrx_word' id='word_1_80' title='bbox 959 1690 1011 1764; x_wconf 90' lang='lat' dir='ltr'>sic</span> <span class='ocrx_word' id='word_1_81' title='bbox 1040 1690 1211 1787; x_wconf 85' lang='lat' dir='ltr'>explicari</span> <span class='ocrx_word' id='word_1_82' title='bbox 1240 1716 1359 1787; x_wconf 88' lang='lat' dir='ltr'>posse,</span> 
     </span>
     <span class='ocr_line' id='line_1_12' title="bbox 184 1815 1359 1912; baseline 0.001 -24"><span class='ocrx_word' id='word_1_83' title='bbox 184 1829 224 1888; x_wconf 91' lang='lat' dir='ltr'>ut</span> <span class='ocrx_word' id='word_1_84' title='bbox 251 1830 287 1889; x_wconf 92' lang='lat' dir='ltr'>et</span> <span class='ocrx_word' id='word_1_85' title='bbox 314 1817 423 1890; x_wconf 89' lang='lat' dir='ltr'>heros</span> <span class='ocrx_word' id='word_1_86' title='bbox 450 1830 486 1890; x_wconf 88' lang='lat' dir='ltr'>et</span> <span class='ocrx_word' id='word_1_87' title='bbox 515 1842 620 1890; x_wconf 91' lang='lat' dir='ltr'>mons</span> <span class='ocrx_word' id='word_1_88' title='bbox 649 1842 693 1889; x_wconf 85' lang='lat' dir='ltr'>ex</span> <span class='ocrx_word' id='word_1_89' title='bbox 720 1818 850 1889; x_wconf 90' lang='lat' dir='ltr'>eadem</span> <span class='ocrx_word' id='word_1_90' title='bbox 880 1815 1022 1912; x_wconf 90' lang='lat' dir='ltr'>origine</span> <span class='ocrx_word' id='word_1_91' title='bbox 1049 1840 1184 1888; x_wconf 91' lang='lat' dir='ltr'>nomen</span> <span class='ocrx_word' id='word_1_92' title='bbox 1208 1815 1359 1890; x_wconf 83' lang='lat' dir='ltr'>traxisse</span> 
     </span>
     <span class='ocr_line' id='line_1_13' title="bbox 183 1939 1357 2037; baseline 0 -24"><span class='ocrx_word' id='word_1_93' title='bbox 183 1955 363 2037; x_wconf 78' lang='lat' dir='ltr'>putemuS,</span> <span class='ocrx_word' id='word_1_94' title='bbox 392 1941 428 2014; x_wconf 90' lang='lat' dir='ltr'>id</span> <span class='ocrx_word' id='word_1_95' title='bbox 457 1944 504 2015; x_wconf 91' lang='lat' dir='ltr'>ab</span> <span class='ocrx_word' id='word_1_96' title='bbox 525 1942 696 2015; x_wconf 89' lang='lat' dir='ltr'>omnibus</span> <span class='ocrx_word' id='word_1_97' title='bbox 711 1941 786 2015; x_wconf 88' lang='lat' dir='ltr'>fere</span> <span class='ocrx_word' id='word_1_98' title='bbox 801 1939 1107 2037; x_wconf 86' lang='lat' dir='ltr'>praetermittitur.</span> <span class='ocrx_word' id='word_1_99' title='bbox 1122 1941 1357 2036; x_wconf 78' lang='lat' dir='ltr'>Quamquam</span> 
     </span>
     <span class='ocr_line' id='line_1_14' title="bbox 184 2065 1359 2163; baseline 0 -25"><span class='ocrx_word' id='word_1_100' title='bbox 184 2066 399 2163; x_wconf 90' lang='lat' dir='ltr'>dignissima</span> <span class='ocrx_word' id='word_1_101' title='bbox 444 2081 507 2153; x_wconf 81' lang='lat' dir='ltr'>est,</span> <span class='ocrx_word' id='word_1_102' title='bbox 549 2093 660 2162; x_wconf 92' lang='lat' dir='ltr'>quam</span> <span class='ocrx_word' id='word_1_103' title='bbox 702 2066 894 2146; x_wconf 89' lang='lat' dir='ltr'>nobiscum</span> <span class='ocrx_word' id='word_1_104' title='bbox 933 2079 1154 2162; x_wconf 88' lang='lat' dir='ltr'>reputemus,</span> <span class='ocrx_word' id='word_1_105' title='bbox 1182 2065 1359 2139; x_wconf 87' lang='lat' dir='ltr'>sententia</span> 
     </span>
     <span class='ocr_line' id='line_1_15' title="bbox 186 2191 1357 2289; baseline 0 -25"><span class='ocrx_word' id='word_1_106' title='bbox 186 2193 233 2264; x_wconf 91' lang='lat' dir='ltr'>ab</span> <span class='ocrx_word' id='word_1_107' title='bbox 262 2193 478 2264; x_wconf 89' lang='lat' dir='ltr'>Hermanno</span> <span class='ocrx_word' id='word_1_108' title='bbox 509 2194 653 2266; x_wconf 90' lang='lat' dir='ltr'>Usener</span> <span class='ocrx_word' id='word_1_109' title='bbox 680 2193 831 2289; x_wconf 88' lang='lat' dir='ltr'>prolata,</span> <span class='ocrx_word' id='word_1_110' title='bbox 858 2216 1123 2286; x_wconf 89' lang='lat' dir='ltr'>saepenumero</span> <span class='ocrx_word' id='word_1_111' title='bbox 1153 2206 1189 2263; x_wconf 92' lang='lat' dir='ltr'>et</span> <span class='ocrx_word' id='word_1_112' title='bbox 1203 2191 1357 2264; x_wconf 91' lang='lat' dir='ltr'>deorum</span> 
     </span>
     <span class='ocr_line' id='line_1_16' title="bbox 184 2315 1359 2413; baseline 0 -24"><span class='ocrx_word' id='word_1_113' title='bbox 184 2331 220 2389; x_wconf 91' lang='lat' dir='ltr'>et</span> <span class='ocrx_word' id='word_1_114' title='bbox 259 2317 425 2389; x_wconf 90' lang='lat' dir='ltr'>locorum</span> <span class='ocrx_word' id='word_1_115' title='bbox 472 2317 696 2413; x_wconf 91' lang='lat' dir='ltr'>cognomina</span> <span class='ocrx_word' id='word_1_116' title='bbox 737 2344 781 2390; x_wconf 87' lang='lat' dir='ltr'>ex</span> <span class='ocrx_word' id='word_1_117' title='bbox 822 2315 1010 2389; x_wconf 88' lang='lat' dir='ltr'>communi</span> <span class='ocrx_word' id='word_1_118' title='bbox 1053 2317 1215 2411; x_wconf 92' lang='lat' dir='ltr'>quodam</span> <span class='ocrx_word' id='word_1_119' title='bbox 1259 2316 1359 2389; x_wconf 81' lang='lat' dir='ltr'>fonte</span> 
     </span>
     <span class='ocr_line' id='line_1_17' title="bbox 184 2438 1358 2540; baseline 0.001 -27"><span class='ocrx_word' id='word_1_120' title='bbox 184 2456 268 2514; x_wconf 90' lang='lat' dir='ltr'>nata</span> <span class='ocrx_word' id='word_1_121' title='bbox 309 2467 388 2515; x_wconf 86' lang='lat' dir='ltr'>esse</span> <span class='ocrx_word' id='word_1_122' title='bbox 406 2438 440 2540; x_wconf 86' lang='lat'>3).</span> <span class='ocrx_word' id='word_1_123' title='bbox 482 2442 544 2516; x_wconf 86' lang='lat' dir='ltr'>Sic</span> <span class='ocrx_word' id='word_1_124' title='bbox 582 2443 658 2515; x_wconf 90' lang='lat' dir='ltr'>veri</span> <span class='ocrx_word' id='word_1_125' title='bbox 687 2442 775 2515; x_wconf 90' lang='lat' dir='ltr'>mihi</span> <span class='ocrx_word' id='word_1_126' title='bbox 803 2441 948 2514; x_wconf 89' lang='lat' dir='ltr'>videtur</span> <span class='ocrx_word' id='word_1_127' title='bbox 974 2440 1198 2513; x_wconf 88' lang='lat' dir='ltr'>simillimum</span> <span class='ocrx_word' id='word_1_128' title='bbox 1229 2442 1358 2539; x_wconf 90' lang='lat' dir='ltr'>mythi-</span> 
     </span>
     <span class='ocr_line' id='line_1_18' title="bbox 183 2565 1353 2663; baseline -0.002 -25"><span class='ocrx_word' id='word_1_129' title='bbox 183 2591 267 2638; x_wconf 93' lang='lat' dir='ltr'>cum</span> <span class='ocrx_word' id='word_1_130' title='bbox 310 2566 410 2639; x_wconf 92' lang='lat' dir='ltr'>illum</span> <span class='ocrx_word' id='word_1_131' title='bbox 445 2572 628 2653; x_wconf 60' lang='grc' dir='ltr'>Ἄτλαντα,</span> <span class='ocrx_word' id='word_1_132' title='bbox 660 2567 696 2639; x_wconf 93' lang='lat' dir='ltr'>in</span> <span class='ocrx_word' id='word_1_133' title='bbox 725 2593 800 2663; x_wconf 92' lang='lat' dir='ltr'>quo</span> <span class='ocrx_word' id='word_1_134' title='bbox 829 2565 976 2639; x_wconf 87' lang='lat' dir='ltr'>nomine</span> <span class='ocrx_word' id='word_1_135' title='bbox 994 2565 1103 2662; x_wconf 85' lang='lat' dir='ltr'>stirps</span> <span class='ocrx_word' id='word_1_136' title='bbox 1118 2565 1220 2639; x_wconf 90' lang='lat' dir='ltr'>verbi</span> <span class='ocrx_word' id='word_1_137' title='bbox 1246 2572 1353 2657; x_wconf 68' lang='grc' dir='ltr'><strong><em>τλῆναι</em></strong></span> 
     </span>
     <span class='ocr_line' id='line_1_19' title="bbox 184 2689 1357 2788; baseline 0.001 -26"><span class='ocrx_word' id='word_1_138' title='bbox 184 2689 204 2763; x_wconf 90' lang='lat' dir='ltr'>i.</span> <span class='ocrx_word' id='word_1_139' title='bbox 232 2717 260 2764; x_wconf 91' lang='lat' dir='ltr'>e.</span> <span class='ocrx_word' id='word_1_140' title='bbox 294 2691 433 2764; x_wconf 81' lang='lat' dir='ltr'>«ferre»</span> <span class='ocrx_word' id='word_1_141' title='bbox 474 2691 695 2765; x_wconf 84' lang='lat' dir='ltr'>«sustinere»</span> <span class='ocrx_word' id='word_1_142' title='bbox 728 2692 834 2766; x_wconf 84' lang='lat' dir='ltr'>facile</span> <span class='ocrx_word' id='word_1_143' title='bbox 862 2691 1083 2788; x_wconf 83' lang='lat' dir='ltr'>agnoscitur,</span> <span class='ocrx_word' id='word_1_144' title='bbox 1112 2705 1233 2764; x_wconf 89' lang='lat' dir='ltr'>ortum</span> <span class='ocrx_word' id='word_1_145' title='bbox 1277 2716 1357 2764; x_wconf 91' lang='lat' dir='ltr'>esse</span> 
     </span>
     <span class='ocr_line' id='line_1_20' title="bbox 183 2816 1355 2913; baseline 0.001 -26"><span class='ocrx_word' id='word_1_146' title='bbox 183 2841 227 2888; x_wconf 87' lang='lat' dir='ltr'>ex</span> <span class='ocrx_word' id='word_1_147' title='bbox 264 2818 424 2911; x_wconf 94' lang='lat' dir='ltr'>quadam</span> <span class='ocrx_word' id='word_1_148' title='bbox 454 2819 682 2891; x_wconf 85' lang='lat' dir='ltr'>Graecorum</span> <span class='ocrx_word' id='word_1_149' title='bbox 708 2817 865 2904; x_wconf 92' lang='lat' dir='ltr'>notione,</span> <span class='ocrx_word' id='word_1_150' title='bbox 894 2844 968 2913; x_wconf 93' lang='lat' dir='ltr'>qua</span> <span class='ocrx_word' id='word_1_151' title='bbox 995 2818 1182 2913; x_wconf 81' lang='lat' dir='ltr'>putabant,</span> <span class='ocrx_word' id='word_1_152' title='bbox 1211 2816 1355 2889; x_wconf 85' lang='lat' dir='ltr'>coelum</span> 
     </span>
     <span class='ocr_line' id='line_1_21' title="bbox 182 2941 1434 3039; baseline -0.005 -25"><span class='ocrx_word' id='word_1_153' title='bbox 182 2942 378 3014; x_wconf 89' lang='lat' dir='ltr'>statumine</span> <span class='ocrx_word' id='word_1_154' title='bbox 406 2941 528 3016; x_wconf 90' lang='lat' dir='ltr'>nescio</span> <span class='ocrx_word' id='word_1_155' title='bbox 558 2968 633 3038; x_wconf 93' lang='lat' dir='ltr'>quo</span> <span class='ocrx_word' id='word_1_156' title='bbox 662 2942 857 3039; x_wconf 90' lang='lat' dir='ltr'>prohiberi,</span> <span class='ocrx_word' id='word_1_157' title='bbox 880 2969 926 3016; x_wconf 91' lang='lat' dir='ltr'>ne</span> <span class='ocrx_word' id='word_1_158' title='bbox 950 2942 985 3015; x_wconf 91' lang='lat' dir='ltr'>in</span> <span class='ocrx_word' id='word_1_159' title='bbox 1013 2956 1146 3014; x_wconf 90' lang='lat' dir='ltr'>terram</span> <span class='ocrx_word' id='word_1_160' title='bbox 1162 2941 1357 3015; x_wconf 88' lang='lat' dir='ltr'>decideret.</span> <span class='ocrx_word' id='word_1_161' title='bbox 1430 2995 1434 3008; x_wconf 95' lang='lat'>.</span> 
     </span>
     <span class='ocr_line' id='line_1_22' title="bbox 183 3067 1356 3164; baseline 0.001 -26"><span class='ocrx_word' id='word_1_162' title='bbox 183 3067 295 3159; x_wconf 78' lang='lat' dir='ltr'>Quod</span> <span class='ocrx_word' id='word_1_163' title='bbox 352 3067 502 3162; x_wconf 91' lang='lat' dir='ltr'>quidem</span> <span class='ocrx_word' id='word_1_164' title='bbox 557 3081 739 3141; x_wconf 90' lang='lat' dir='ltr'>statumen</span> <span class='ocrx_word' id='word_1_165' title='bbox 781 3093 877 3140; x_wconf 89' lang='lat' dir='ltr'>nunc</span> <span class='ocrx_word' id='word_1_166' title='bbox 920 3067 1024 3164; x_wconf 88' lang='lat' dir='ltr'>quasi</span> <span class='ocrx_word' id='word_1_167' title='bbox 1066 3067 1216 3139; x_wconf 89' lang='lat' dir='ltr'>heroem</span> <span class='ocrx_word' id='word_1_168' title='bbox 1255 3092 1356 3162; x_wconf 90' lang='lat' dir='ltr'>prae-</span> 
     </span>
     <span class='ocr_line' id='line_1_23' title="bbox 108 3188 1357 3290; baseline 0 -27"><span class='ocrx_word' id='word_1_169' title='bbox 108 3188 112 3194; x_wconf 76' lang='grc'><strong>’</strong></span> <span class='ocrx_word' id='word_1_170' title='bbox 181 3193 371 3287; x_wconf 85' lang='lat' dir='ltr'>grandem,</span> <span class='ocrx_word' id='word_1_171' title='bbox 419 3218 516 3265; x_wconf 91' lang='lat' dir='ltr'>nunc</span> <span class='ocrx_word' id='word_1_172' title='bbox 558 3192 662 3288; x_wconf 89' lang='lat' dir='ltr'>quasi</span> <span class='ocrx_word' id='word_1_173' title='bbox 705 3206 867 3266; x_wconf 87' lang='lat' dir='ltr'>montem</span> <span class='ocrx_word' id='word_1_174' title='bbox 901 3192 1124 3290; x_wconf 85' lang='lat' dir='ltr'>cogitatione</span> <span class='ocrx_word' id='word_1_175' title='bbox 1152 3191 1221 3265; x_wconf 91' lang='lat' dir='ltr'>sibi</span> <span class='ocrx_word' id='word_1_176' title='bbox 1249 3191 1357 3264; x_wconf 84' lang='lat' dir='ltr'>infor-</span> 
     </span>
     <span class='ocr_line' id='line_1_24' title="bbox 182 3316 1353 3414; baseline -0.003 -25"><span class='ocrx_word' id='word_1_177' title='bbox 182 3318 341 3390; x_wconf 91' lang='lat' dir='ltr'>mabant.</span> <span class='ocrx_word' id='word_1_178' title='bbox 383 3316 535 3390; x_wconf 87' lang='lat' dir='ltr'>Minime</span> <span class='ocrx_word' id='word_1_179' title='bbox 568 3317 688 3414; x_wconf 88' lang='lat' dir='ltr'>igitur,</span> <span class='ocrx_word' id='word_1_180' title='bbox 703 3333 853 3391; x_wconf 89' lang='lat' dir='ltr'>auctore</span> <span class='ocrx_word' id='word_1_181' title='bbox 867 3317 1087 3404; x_wconf 81' lang='lat' dir='ltr'>WernickiO,</span> <span class='ocrx_word' id='word_1_182' title='bbox 1103 3329 1157 3389; x_wconf 70' lang='grc' dir='ltr'>τὸν</span> <span class='ocrx_word' id='word_1_183' title='bbox 1179 3323 1353 3389; x_wconf 65' lang='grc' dir='ltr'>’Ἄτλαντα</span> 
     </span>
     <span class='ocr_line' id='line_1_25' title="bbox 183 3439 1357 3541; baseline -0.002 -28"><span class='ocrx_word' id='word_1_184' title='bbox 183 3439 302 3538; x_wconf 92' lang='lat' dir='ltr'>ipsum</span> <span class='ocrx_word' id='word_1_185' title='bbox 319 3453 379 3515; x_wconf 79' lang='grc' dir='ltr'>Δία</span> <span class='ocrx_word' id='word_1_186' title='bbox 403 3456 674 3538; x_wconf 88' lang='lat' dir='ltr'>repraesentare</span> <span class='ocrx_word' id='word_1_187' title='bbox 689 3439 899 3541; x_wconf 69' lang='lat' dir='ltr'>existim04),</span> <span class='ocrx_word' id='word_1_188' title='bbox 914 3469 1034 3538; x_wconf 90' lang='lat' dir='ltr'>neque</span> <span class='ocrx_word' id='word_1_189' title='bbox 1049 3439 1182 3515; x_wconf 93' lang='lat' dir='ltr'>montis</span> <span class='ocrx_word' id='word_1_190' title='bbox 1196 3439 1357 3537; x_wconf 90' lang='lat' dir='ltr'>personi-</span> 
     </span>
    </p>
   </div>
   <div class='ocr_carea' id='block_1_3' title="bbox 182 3690 1355 4292">
    <p class='ocr_par' dir='ltr' id='par_1_3' title="bbox 185 3690 1354 3845">
     <span class='ocr_line' id='line_1_26' title="bbox 220 3690 1354 3755; baseline -0.001 -15"><span class='ocrx_word' id='word_1_191' title='bbox 220 3695 242 3754; x_wconf 79' lang='grc' dir='ltr'>Ι)</span> <span class='ocrx_word' id='word_1_192' title='bbox 271 3692 452 3744; x_wconf 87' lang='lat' dir='ltr'>Pseudo-Plut.</span> <span class='ocrx_word' id='word_1_193' title='bbox 482 3693 513 3740; x_wconf 88' lang='lat' dir='ltr'>de</span> <span class='ocrx_word' id='word_1_194' title='bbox 541 3692 602 3741; x_wconf 88' lang='lat' dir='ltr'>fluv.</span> <span class='ocrx_word' id='word_1_195' title='bbox 628 3699 653 3741; x_wconf 92' lang='lat' dir='ltr'>et</span> <span class='ocrx_word' id='word_1_196' title='bbox 672 3701 749 3740; x_wconf 91' lang='lat' dir='ltr'>mont.</span> <span class='ocrx_word' id='word_1_197' title='bbox 770 3707 838 3744; x_wconf 90' lang='lat' dir='ltr'>nom.</span> <span class='ocrx_word' id='word_1_198' title='bbox 859 3705 909 3754; x_wconf 84' lang='lat'>2‚3.</span> <span class='ocrx_word' id='word_1_199' title='bbox 930 3704 981 3755; x_wconf 81' lang='lat'>3,2.</span> <span class='ocrx_word' id='word_1_200' title='bbox 1003 3702 1053 3755; x_wconf 80' lang='lat'>5,3.</span> <span class='ocrx_word' id='word_1_201' title='bbox 1075 3701 1127 3754; x_wconf 86' lang='lat'>7,5.</span> <span class='ocrx_word' id='word_1_202' title='bbox 1147 3690 1200 3753; x_wconf 85' lang='lat'>8‚3.</span> <span class='ocrx_word' id='word_1_203' title='bbox 1221 3704 1272 3754; x_wconf 86' lang='lat'>9,4.</span> <span class='ocrx_word' id='word_1_204' title='bbox 1297 3705 1354 3755; x_wconf 89' lang='lat'>10‚4</span> 
     </span>
     <span class='ocr_line' id='line_1_27' title="bbox 185 3782 1147 3845; baseline -0.001 -16"><span class='ocrx_word' id='word_1_205' title='bbox 185 3793 251 3844; x_wconf 86' lang='lat'>11‚3.</span> <span class='ocrx_word' id='word_1_206' title='bbox 274 3794 339 3845; x_wconf 85' lang='lat'>12,3.</span> <span class='ocrx_word' id='word_1_207' title='bbox 363 3794 430 3844; x_wconf 84' lang='lat'>13‚3.</span> <span class='ocrx_word' id='word_1_208' title='bbox 453 3791 518 3844; x_wconf 87' lang='lat'>17‚3.</span> <span class='ocrx_word' id='word_1_209' title='bbox 543 3782 609 3844; x_wconf 80' lang='lat'>18,4.</span> <span class='ocrx_word' id='word_1_210' title='bbox 633 3782 699 3843; x_wconf 87' lang='lat'>18,9.</span> <span class='ocrx_word' id='word_1_211' title='bbox 721 3794 789 3844; x_wconf 86' lang='lat'>21,4.</span> <span class='ocrx_word' id='word_1_212' title='bbox 810 3794 878 3844; x_wconf 70' lang='lat'><strong>²²24·</strong></span> <span class='ocrx_word' id='word_1_213' title='bbox 900 3793 967 3844; x_wconf 73' lang='lat'><strong>23‚4·</strong></span> <span class='ocrx_word' id='word_1_214' title='bbox 990 3794 1057 3844; x_wconf 63' lang='lat'>²43·</span> <span class='ocrx_word' id='word_1_215' title='bbox 1079 3791 1147 3843; x_wconf 82' lang='lat'>25,4.</span> 
     </span>
    </p>

    <p class='ocr_par' dir='ltr' id='par_1_4' title="bbox 220 3870 836 3935">
     <span class='ocr_line' id='line_1_28' title="bbox 220 3870 836 3935; baseline 0 -17"><span class='ocrx_word' id='word_1_216' title='bbox 220 3872 243 3926; x_wconf 73' lang='lat'>2)</span> <span class='ocrx_word' id='word_1_217' title='bbox 262 3871 301 3920; x_wconf 81' lang='lat' dir='ltr'>Cf.</span> <span class='ocrx_word' id='word_1_218' title='bbox 321 3870 444 3929; x_wconf 86' lang='lat' dir='ltr'>Roscher‚</span> <span class='ocrx_word' id='word_1_219' title='bbox 464 3871 539 3919; x_wconf 84' lang='lat' dir='ltr'>Ausf.</span> <span class='ocrx_word' id='word_1_220' title='bbox 560 3872 644 3921; x_wconf 88' lang='lat' dir='ltr'>Lexic.</span> <span class='ocrx_word' id='word_1_221' title='bbox 664 3871 691 3919; x_wconf 95' lang='lat' dir='ltr'>II</span> <span class='ocrx_word' id='word_1_222' title='bbox 712 3883 780 3918; x_wconf 88' lang='lat'>2110</span> <span class='ocrx_word' id='word_1_223' title='bbox 800 3887 836 3935; x_wconf 94' lang='lat' dir='ltr'>sq.</span> 
     </span>
    </p>

    <p class='ocr_par' dir='ltr' id='par_1_5' title="bbox 182 3957 1355 4111">
     <span class='ocr_line' id='line_1_29' title="bbox 217 3957 1355 4025; baseline -0.001 -17"><span class='ocrx_word' id='word_1_224' title='bbox 217 3963 242 4023; x_wconf 80' lang='lat'>3)</span> <span class='ocrx_word' id='word_1_225' title='bbox 270 3962 304 4008; x_wconf 93' lang='lat' dir='ltr'>H.</span> <span class='ocrx_word' id='word_1_226' title='bbox 333 3961 438 4018; x_wconf 88' lang='lat' dir='ltr'>Usener,</span> <span class='ocrx_word' id='word_1_227' title='bbox 467 3961 581 4009; x_wconf 81' lang='lat' dir='ltr'>Gottcrn.</span> <span class='ocrx_word' id='word_1_228' title='bbox 601 3977 625 4025; x_wconf 92' lang='lat' dir='ltr'>p.</span> <span class='ocrx_word' id='word_1_229' title='bbox 648 3973 697 4023; x_wconf 80' lang='lat'>232</span> <span class='ocrx_word' id='word_1_230' title='bbox 719 3961 918 4017; x_wconf 86' lang='lat' dir='ltr'>„Gottesnamen</span> <span class='ocrx_word' id='word_1_231' title='bbox 937 3960 989 4007; x_wconf 93' lang='lat' dir='ltr'>und</span> <span class='ocrx_word' id='word_1_232' title='bbox 1011 3957 1235 4022; x_wconf 87' lang='lat' dir='ltr'>ortsbezeichnung</span> <span class='ocrx_word' id='word_1_233' title='bbox 1254 3960 1310 4007; x_wconf 87' lang='lat' dir='ltr'>sind</span> <span class='ocrx_word' id='word_1_234' title='bbox 1330 3960 1355 4007; x_wconf 88' lang='lat' dir='ltr'>in</span> 
     </span>
     <span class='ocr_line' id='line_1_30' title="bbox 182 4047 1274 4111; baseline -0.001 -15"><span class='ocrx_word' id='word_1_235' title='bbox 182 4048 336 4099; x_wconf 86' lang='lat' dir='ltr'>zahlreichen</span> <span class='ocrx_word' id='word_1_236' title='bbox 353 4050 435 4109; x_wconf 75' lang='lat' dir='ltr'>hillen,</span> <span class='ocrx_word' id='word_1_237' title='bbox 455 4066 499 4098; x_wconf 88' lang='lat' dir='ltr'>aus</span> <span class='ocrx_word' id='word_1_238' title='bbox 517 4051 561 4098; x_wconf 89' lang='lat' dir='ltr'>der</span> <span class='ocrx_word' id='word_1_239' title='bbox 579 4049 672 4098; x_wconf 87' lang='lat' dir='ltr'>wurzel</span> <span class='ocrx_word' id='word_1_240' title='bbox 690 4049 821 4098; x_wconf 87' lang='lat' dir='ltr'>derselben</span> <span class='ocrx_word' id='word_1_241' title='bbox 839 4048 994 4110; x_wconf 84' lang='lat' dir='ltr'>vorstellung</span> <span class='ocrx_word' id='word_1_242' title='bbox 1013 4047 1274 4111; x_wconf 86' lang='lat' dir='ltr'>emporgewachsen.&#39;&#39;</span> 
     </span>
    </p>

    <p class='ocr_par' dir='ltr' id='par_1_6' title="bbox 183 4135 1355 4292">
     <span class='ocr_line' id='line_1_31' title="bbox 217 4135 1355 4204; baseline -0.003 -17"><span class='ocrx_word' id='word_1_243' title='bbox 217 4140 244 4201; x_wconf 83' lang='lat'>4)</span> <span class='ocrx_word' id='word_1_244' title='bbox 271 4138 408 4187; x_wconf 84' lang='lat' dir='ltr'>Wernicke</span> <span class='ocrx_word' id='word_1_245' title='bbox 432 4139 499 4203; x_wconf 89' lang='lat' dir='ltr'>apud</span> <span class='ocrx_word' id='word_1_246' title='bbox 519 4139 732 4203; x_wconf 79' lang='lat' dir='ltr'>Pauly-Wissow.</span> <span class='ocrx_word' id='word_1_247' title='bbox 751 4155 776 4204; x_wconf 90' lang='lat' dir='ltr'>p.</span> <span class='ocrx_word' id='word_1_248' title='bbox 801 4149 878 4198; x_wconf 90' lang='lat'>2127.</span> <span class='ocrx_word' id='word_1_249' title='bbox 898 4138 987 4196; x_wconf 88' lang='lat' dir='ltr'>„Atlas</span> <span class='ocrx_word' id='word_1_250' title='bbox 1007 4138 1039 4185; x_wconf 91' lang='lat' dir='ltr'>ist</span> <span class='ocrx_word' id='word_1_251' title='bbox 1056 4135 1115 4185; x_wconf 90' lang='lat' dir='ltr'>aber</span> <span class='ocrx_word' id='word_1_252' title='bbox 1136 4138 1190 4185; x_wconf 88' lang='lat' dir='ltr'>eine</span> <span class='ocrx_word' id='word_1_253' title='bbox 1210 4139 1355 4201; x_wconf 87' lang='lat' dir='ltr'>Hypostase</span> 
     </span>
     <span class='ocr_line' id='line_1_32' title="bbox 183 4224 1355 4292; baseline -0.001 -15"><span class='ocrx_word' id='word_1_254' title='bbox 183 4226 228 4277; x_wconf 87' lang='lat' dir='ltr'>des</span> <span class='ocrx_word' id='word_1_255' title='bbox 247 4227 450 4292; x_wconf 83' lang='lat' dir='ltr'>Himmelgottes,</span> <span class='ocrx_word' id='word_1_256' title='bbox 470 4228 519 4276; x_wconf 85' lang='lat' dir='ltr'>den</span> <span class='ocrx_word' id='word_1_257' title='bbox 538 4243 597 4276; x_wconf 88' lang='lat' dir='ltr'>man</span> <span class='ocrx_word' id='word_1_258' title='bbox 615 4228 746 4292; x_wconf 83' lang='lat' dir='ltr'>aflgemein</span> <span class='ocrx_word' id='word_1_259' title='bbox 763 4228 799 4276; x_wconf 88' lang='lat' dir='ltr'>als</span> <span class='ocrx_word' id='word_1_260' title='bbox 818 4229 882 4276; x_wconf 91' lang='lat' dir='ltr'>Zeus</span> <span class='ocrx_word' id='word_1_261' title='bbox 899 4243 930 4276; x_wconf 89' lang='lat' dir='ltr'>zu</span> <span class='ocrx_word' id='word_1_262' title='bbox 944 4224 1097 4277; x_wconf 88' lang='lat' dir='ltr'>bezeichnen</span> <span class='ocrx_word' id='word_1_263' title='bbox 1106 4225 1206 4292; x_wconf 88' lang='lat' dir='ltr'>pflegt.’&#39;</span> <span class='ocrx_word' id='word_1_264' title='bbox 1227 4226 1271 4273; x_wconf 90' lang='lat' dir='ltr'>Ad</span> <span class='ocrx_word' id='word_1_265' title='bbox 1280 4241 1355 4292; x_wconf 83' lang='lat' dir='ltr'>quarn</span> 
     </span>
    </p>
   </div>
   <div class='ocr_carea' id='block_1_4' title="bbox 0 0 1558 4942">
    <p class='ocr_par' dir='ltr' id='par_1_7' title="bbox 0 0 1558 4942">
     <span class='ocr_line' id='line_1_33' title="bbox 0 0 1558 4942; baseline 0 1"><span class='ocrx_word' id='word_1_266' title='bbox 0 0 1558 4942; x_wconf 95' lang='lat' dir='ltr'> </span> 
     </span>
    </p>
   </div>
  </div>
 </body>
</html>
