3090 4942
749 366 796 433 70

186 554 431 627 Britomartim
461 555 604 628 inliteor
631 557 739 631 etiam
769 555 977 654 Dictynnae
1004 556 1151 629 nomine
1164 582 1231 652 per
1246 557 1356 629 urbes

185 681 314 754 Cretae
355 680 489 754 cultam
528 681 669 756 luisse.»
708 686 764 756 Re
791 708 879 756 vera
905 682 1051 778 saepius
1079 681 1357 755 confunduntur

184 804 274 876 haec
317 804 483 890 numina;
516 807 649 879 etenim
688 809 877 881 Diodorus
906 807 1052 880 Siculus
1080 809 1126 903 (V
1158 807 1228 903 76),
1265 808 1357 878 Pau-

182 929 302 1003 sanias
330 930 376 1027 (ΙΙ
411 954 469 1019 30,
503 933 548 1028 3),
590 932 833 1006 Callimachus
871 933 1023 1029 (Hymn.
1051 932 1087 1003 in
1122 931 1228 1004 Dian.
1263 932 1357 1026 187),

184 1055 317 1128 Strabo
346 1054 394 1151 (X
413 1055 504 1154 479)
532 1056 741 1130 Cretensem
766 1057 877 1130 luisse
897 1057 1120 1153 Dictynnam
1140 1070 1358 1141 asseverant

184 1204 250 1252 nec
279 1205 352 1251 non
381 1180 439 1252 alii
467 1181 586 1278 (Paus.
602 1182 652 1252 ΙΙΙ
678 1205 774 1273 24,9
804 1184 840 1254 X
858 1187 916 1267 26,
935 1205 965 1275 5.
993 1181 1103 1254 Arist
1132 1182 1357 1278 Ran.1359')

185 1305 405 1376 mentionem
435 1304 572 1378 faciunt
595 1313 777 1397 Ἀρτέμιδος
800 1317 981 1388 Δικτύννας.

237 1429 312 1501 Sed
341 1442 422 1501 utut
449 1429 518 1502 hae
547 1455 603 1502 res
631 1455 711 1502 sese
738 1429 883 1515 habent,
911 1429 948 1502 id
978 1431 1142 1503 omnium
1176 1445 1213 1503 et
1241 1429 1357 1502 Brito-

186 1553 309 1626 martis
341 1567 378 1626 et
405 1553 613 1651 Dictynnae
640 1555 804 1627 cultuum
834 1580 1030 1628 commune
1057 1570 1120 1641 est,
1148 1556 1195 1628 ad
1224 1556 1356 1627 horum

183 1679 338 1750 deorum
367 1679 637 1751 venerationem
665 1680 743 1753 sive
769 1680 881 1752 sacris
901 1680 1138 1753 sollemnibus
1165 1680 1241 1752 sive
1268 1693 1357 1752 tem-

184 1803 329 1900 plorum
372 1802 609 1888 dedicatione,
651 1804 736 1901 eligi
773 1829 918 1901 semper
946 1805 1028 1877 loca
1056 1805 1207 1878 excelsa.
1234 1804 1355 1898 Quam

184 1953 261 2000 rem
290 1928 455 2024 pluribus
483 1928 555 2001 iam
584 1929 845 2002 demonstrabo
875 1930 1058 2025 exemplis

238 2054 295 2125 Ex
336 2053 465 2127 Cretae
492 2055 745 2150 promontorio
775 2053 884 2126 Dicte
911 2053 977 2127 sivi
1007 2054 1163 2127 Dictaeo
1192 2054 1227 2126 in
1256 2080 1356 2128 mare

184 2178 373 2252 desiluisse
422 2179 606 2253 ferebatur
648 2179 884 2265 Britomartis
935 2193 975 2251 ut
1017 2179 1189 2266 Minoem,
1231 2204 1357 2251 amore

184 2304 371 2377 incensum
399 2329 439 2378 se
466 2304 681 2389 insecutum,
700 2302 888 2400 effugeret.
917 2305 1006 2377 Inde
1021 2304 1055 2376 in
1070 2330 1217 2378 summo
1233 2317 1358 2377 monte

184 2428 215 2501 ei
245 2430 421 2524 templum
450 2441 560 2523 atque
588 2454 651 2501 ara
679 2442 781 2501 erant
808 2443 1021 2502 consecrata
1038 2425 1073 2527 1).

182 2580 184 2583 ·
237 2565 334 2646 Ἱερὸν
358 2564 561 2625 mutuorum
585 2579 607 2626 a
636 2554 811 2651 Cydoniis
840 2553 875 2625 in
905 2566 1029 2626 monte
1047 2554 1175 2651 Tityro
1190 2553 1357 2627 aedifica-

184 2690 262 2751 tum
293 2691 516 2750 memoratur
544 2680 644 2774 apud
673 2680 892 2752 Strabonem
921 2680 970 2777 (X
998 2681 1099 2775 479).

238 2804 298 2875 De
336 2800 523 2900 Dictynna
555 2803 590 2875 in
619 2804 873 2899 promontorio
902 2830 1019 2900 prope
1048 2803 1261 2888 Gutheium,
1290 2805 1357 2875 La-

184 2927 334 3002 conicae
370 2930 509 3014 urbem,
538 2929 634 3000 culta
661 2928 752 3001 haec
780 2928 891 3001 habet
919 2928 1119 3002 Pausanias
1147 2928 1210 3025 (ΙΙΙ
1243 2929 1357 3026 24‚9):

184 3057 269 3138 Πρὸς
301 3050 444 3137 θαλάσσῃ
468 3052 499 3114 δὲ
522 3054 573 3115 ἐπὶ
596 3053 690 3135 ἄκρας
713 3056 785 3126 ναός
808 3055 869 3116 ἔστι
895 3057 1064 3136 Δικτύννης
1087 3052 1280 3137 Ἀρτέμιδος,
1308 3054 1359 3114 καί

183 3166 210 3226 οἱ
234 3166 315 3224 κατὰ
338 3159 405 3236 ’ἔτος
426 3161 555 3225 ἕκαστον
579 3163 685 3246 ἑορτὴν
709 3161 825 3241 ἄγονοι.

236 3270 452 3346 Praesertim
499 3271 667 3369 Aeginae
712 3271 853 3345 incolae
893 3271 1126 3345 veneratione
1163 3296 1358 3367 proseque-

183 3400 315 3470 bantur
342 3398 460 3483 deam‚
488 3422 583 3493 quae
611 3396 711 3494 apud
739 3422 803 3470 eos
826 3406 965 3486 Ἀφαίας
989 3396 1137 3470 nomine
1160 3398 1357 3469 colebatur.

184 3523 243 3594 De
285 3548 359 3618 quo
402 3523 551 3595 numine
592 3523 682 3596 haec
710 3522 822 3594 habet
849 3521 1049 3595 Pausanias
1077 3521 1122 3617 (ΙΙ
1154 3522 1267 3620 30,3):
1302 3535 1359 3594 Ἐν

183 3649 297 3732 Αἰγίνῃ
317 3646 348 3709 (li
368 3651 443 3731 πρὸς
463 3652 497 3710 τὸ
521 3648 587 3729 ὅρος
607 3662 662 3711 τοῦ
675 3644 891 3729 Πανιλληνίοο
913 3650 984 3719 Διὸς
1003 3648 1098 3709 ἰοῦσίν
1118 3648 1200 3710 ἔστιν
1219 3647 1359 3727 Ἀφαίας

183 3759 268 3840 ἱερόν,
297 3757 324 3830 ἒς
355 3755 392 3839 ἣν
424 3761 473 3819 καὶ
505 3755 660 3840 Πίνδαρος
684 3752 766 3842 ᾆσμα
797 3756 981 3838 Αἰγινήταις
1004 3757 1134 3836 ἐποίησε.
1169 3760 1249 3818 Φασὶ
1274 3755 1304 3818 δὲ
1331 3759 1359 3818 οἱ

183 3871 310 3950 Κρῆτες,
343 3879 464 3938 τοῦτοις
489 3868 547 3949 γάρ
571 3867 632 3927 ἔστι
658 3868 698 3928 τὰ
722 3867 751 3939 ἔς
774 3869 873 3948 αὐτὴν
897 3867 1051 3948 ἐπιχώρια,
1076 3868 1278 3948 Καρμάνορος
1303 3877 1358 3927 τοῦ

183 3978 377 4057 καθήραντος
411 3973 607 4038 Ἀπόλλωνα
635 3977 685 4037 ἐπὶ
716 3976 799 4061 φόνῳ
824 3987 867 4060 τῷ
893 3977 1051 4046 Πύθωνος
1075 3972 1174 4035 παῖδα
1198 3971 1359 4058 Εὔβουλον

223 4125 248 4186 1)
267 4121 308 4172 (ΣΙ.
327 4121 434 4180 callim„
454 4122 551 4185 Hymn.
573 4121 597 4168 in
617 4120 692 4168 Dian.
709 4129 754 4181 197
777 4136 813 4183 sq.
833 4119 891 4180 (Ed.
912 4117 1039 4179 Schneid.)
1058 4118 1140 4169 Stral).
1160 4119 1188 4165 X
1203 4129 1254 4180 479
1264 4125 1288 4167 et
1299 4117 1358 4181 484.

184 4213 260 4261 Puus,
279 4211 306 4258 II
326 4221 396 4274 30,3.
