3090 4942
768 375 785 450 5

190 574 237 645 de
264 570 421 644 cultibus
448 570 650 643 honoribus
678 570 922 666 precibusque
937 569 1006 642 diis
1021 570 1192 644 adhibitis
1206 586 1317 668 agant
1332 569 1366 671 ¹).

243 701 319 770 lam
349 722 445 769 anno
481 705 576 789 1825
608 697 646 770 C.
675 697 719 770 O.
748 697 903 769 Mueller
922 696 958 768 in
978 696 1168 769 notissimo
1185 697 1246 769 illo
1261 698 1365 785 libr0,

189 823 252 918 qui
276 822 482 895 inscribitur
509 822 801 918 «Prolegomena
823 848 868 894 zu
888 821 987 895 einer
1000 821 1364 896 wissenschaltlichen

190 944 490 1045 Mythologie»²)
532 946 847 1033 animadverterat,
876 972 943 1020 nos
970 947 1070 1019 haud
1099 948 1253 1020 multum
1283 973 1365 1044 pro-

188 1072 347 1145 fecturos
375 1097 455 1145 esse
482 1071 517 1142 in
547 1071 758 1168 indaganda
785 1072 939 1144 deorum
964 1085 1127 1144 veterum
1144 1086 1281 1158 natura,
1297 1073 1363 1146 nisi

188 1211 358 1270 accurate
399 1196 696 1282 distinxissemus,
724 1221 819 1291 quos
847 1221 1016 1292 quaeque
1045 1196 1147 1294 regio
1176 1197 1266 1270 deos
1293 1198 1363 1271 sibi

188 1321 357 1418 proprios
384 1320 536 1394 haberet
560 1346 729 1417 quosque
748 1321 866 1394 cultus
882 1347 924 1394 ac
940 1321 1179 1394 caerimonias
1194 1347 1363 1418 quaeque

187 1448 276 1520 urbs
316 1446 391 1520 suis
432 1446 501 1519 diis
543 1447 736 1519 exhiberet.
779 1447 996 1541 Numquam
1039 1446 1134 1519 enim
1173 1447 1363 1520 universae

188 1571 366 1646 Graeciae
407 1572 557 1645 eosdem
598 1573 688 1645 deos
716 1571 939 1644 venerationi
968 1565 1079 1644 luisse
1106 1573 1268 1668 putabat,
1296 1573 1361 1645 sed

187 1697 302 1770 tribus
328 1711 457 1794 gentes
486 1697 648 1770 civitates
677 1722 805 1769 omnes
834 1696 921 1768 olim
950 1722 1037 1769 suos
1065 1696 1237 1769 habuisse
1261 1698 1361 1783 deos

186 1823 259 1918 qui,
286 1822 370 1894 licet
396 1836 526 1918 postea
553 1822 661 1895 variis
690 1821 810 1894 modis
839 1821 931 1894 inter
953 1847 1034 1894 sese
1048 1821 1235 1894 commixti
1251 1835 1362 1917 atque

186 1948 328 2021 conlusi
357 1961 485 2033 essent,
514 1972 715 2043 numquam
744 1960 866 2019 tamen
896 1972 1046 2042 prorsus
1074 1946 1305 2020 evanuissent
1327 1943 1361 2045 ³).

186 2074 275 2145 Inde
303 2098 453 2146 exorsus
480 2086 517 2145 et
531 2073 578 2145 ad
594 2072 811 2145 Muellerum
826 2097 866 2144 se
880 2071 1067 2167 applicans
1082 2071 1216 2144 nostris
1231 2071 1361 2145 diebus

186 2198 476 2294 anthropolo'gus
520 2196 748 2269 Britannicus
790 2197 950 2268 Andrew
998 2198 1113 2293 Lang,
1141 2222 1250 2292 quem
1281 2197 1361 2295 My·

185 2323 326 2419 thologi
377 2322 597 2396 Germaniae
639 2321 780 2394 nonnisi
823 2321 1053 2417 vituperandi
1095 2347 1207 2393 causa
1249 2320 1361 2416 idque

185 2473 330 2520 summa
358 2446 496 2532 iniuria,
525 2472 730 2519 memorare
757 2447 884 2533 solent,
902 2448 1110 2542 approbare
1124 2459 1277 2518 conatus
1293 2460 1358 2522 est.

186 2572 364 2646 Graeciae
397 2572 535 2645 incolas
573 2571 770 2666 antiquitus
798 2572 945 2668 populis
973 2571 1117 2645 incultis
1134 2584 1170 2644 et
1184 2570 1358 2644 semibar-

184 2698 281 2771 baris
309 2698 410 2770 haud
433 2698 640 2793 superiores
669 2696 788 2770 luisse.
817 2700 857 2769 In
886 2697 973 2794 ipsis
1002 2697 1098 2770 enim
1128 2700 1357 2771 Graecorum

184 2823 330 2896 urbium
368 2823 529 2896 tribuum
566 2822 732 2919 gentium
762 2822 920 2896 cultibus
948 2822 1183 2919 pristinorum
1213 2848 1358 2894 morum

183 2948 338 3045 vestigia
375 2948 489 3021 multa
525 2948 702 3045 reperisse
738 2948 807 3021 sibi
832 2947 931 3020 visus
959 2961 1022 3033 est,
1045 2973 1141 3043 quae
1168 2961 1360 3042 tantopere

183 3099 268 3146 cum
311 3073 362 3160 iis,
404 3099 500 3169 quae
541 3075 588 3146 de
629 3074 775 3171 populis
808 3072 952 3145 incultis
980 3073 1184 3159 Americae‚
1210 3072 1359 3144 Africae

182 3198 389 3272 Australiae
430 3199 579 3296 cognita
620 3199 800 3273 habemus
841 3211 1095 3295 congruerent
1136 3210 1176 3269 ut
1218 3222 1262 3270 ex
1303 3196 1359 3268 his

222 3435 246 3502 1)
275 3439 305 3487 E.
331 3440 427 3503 Meyer,
456 3439 548 3488 Gesch.
576 3440 600 3487 d.
629 3439 738 3489 Alterth.
765 3439 854 3503 1148.
886 3439 958 3502 „Vor
975 3438 1048 3486 ollem
1069 3436 1170 3499 wichtig
1188 3437 1247 3484 aber
1265 3437 1297 3484 ist
1316 3436 1360 3484 der

182 3542 231 3573 von
259 3527 303 3575 der
320 3528 368 3590 vgl.
397 3528 554 3592 Mythologie
573 3531 688 3592 ignorirte
707 3527 931 3590 Zusammenhang,
952 3527 977 3576 ln
995 3528 1053 3574 dem
1069 3527 1139 3590 jeder
1158 3525 1230 3574 {ichte
1250 3525 1356 3590 Mythus

184 3617 228 3663 mit
247 3616 305 3663 dem
324 3616 412 3665 Cultus
430 3616 522 3668 steht.'’
542 3618 621 3666 Paulo
631 3625 688 3682 post
698 3619 765 3682 apud
775 3617 883 3667 eundem
894 3616 955 3665 haec
964 3617 1082 3679 legimus:
1103 3615 1172 3672 „Der
1192 3613 1359 3679 Hauptfehler

183 3704 227 3752 der
245 3705 292 3768 vgl.
314 3704 471 3770 Mythologie
490 3708 529 3763 ist,
548 3707 607 3754 dass
625 3707 667 3754 bei
685 3707 724 3755 ihr
743 3708 783 3755 die
803 3706 922 3768 Religion
941 3705 993 3753 und
1012 3703 1050 3751 ihr
1069 3703 1220 3768 wichtigstes
1231 3703 1356 3760 Element,

183 3794 226 3842 der
246 3794 341 3850 Cultus,
362 3793 485 3843 durchaus
504 3812 534 3843 zu
553 3794 613 3843 kurz
632 3795 755 3845 kommt.”

220 3879 247 3950 2)
266 3883 363 3946 Proleg.
383 3899 425 3947 pp.
446 3882 496 3931 226
516 3899 538 3936 e,
549 3900 573 3947 q.
584 3900 603 3932 s.

219 3973 246 4036 3)
266 3973 308 4021 Ne
326 3988 425 4021 carnren
444 3973 544 4035 quidem
563 3972 696 4031 heroicum,
716 3981 943 4037 quantumcumque
960 3973 1014 4022 eius
1023 3973 1158 4021 auctoritas
1167 3972 1234 4037 apud
1244 3981 1356 4036 posteros

182 4062 267 4120 valuit,
294 4078 412 4125 umquam
432 4061 458 4110 ld
476 4061 594 4126 perficere
613 4063 702 4126 potuit,
722 4070 749 4111 ut
768 4078 842 4111 unam
861 4061 1017 4127 eandemque
1036 4077 1193 4111 communem
1213 4061 1356 4125 religionem

184 4152 229 4200 toti
249 4151 366 4200 Graeciae
385 4151 462 4200 daret.
483 4152 550 4201 Vide
569 4152 601 4200 E.
621 4150 724 4210 Rohde,
743 4150 842 4216 Psyche
861 4168 903 4217 pp.
923 4166 957 4216 44
967 4168 1023 4216 sqq.
1034 4152 1064 4199 F.
1076 4152 1106 4201 G.
1119 4150 1245 4209 Welcker,
1258 4149 1355 4199 Griech.

184 4240 288 4291 Gotterl.
308 4240 321 4288 1
343 4253 393 4304 ²²4
413 4256 450 4306 sq.
