3090 4942
750 397 795 469 75

184 589 364 685 opposito
392 590 476 662 fana
502 589 663 663 habebat
687 599 864 677 Hortalum
887 617 953 665 nec
977 618 1051 665 non
1072 593 1255 667 Laconiae
1273 619 1356 690 pro-

184 715 406 788 montorium
453 726 606 808 Ταίναρον
633 712 658 813 1)
704 730 740 788 et
782 715 925 790 Siclliae
973 724 1133 807 Πελωριάς
1157 725 1235 809 ἄκρα
1253 716 1279 817 2)
1321 709 1356 791 ln

183 839 260 912 eius
288 841 401 913 tutela
429 853 539 913 erant
567 840 688 913 Etiam
711 838 752 913 in
782 842 906 927 Suni0‚
934 841 1080 914 Atticae
1094 843 1357 936 promontorio,

184 966 314 1038 aedem
343 990 486 1038 sacram
515 965 675 1037 habebat
700 974 868 1053 Πισιιδιον,
891 991 1006 1062 quare
1035 979 1168 1038 nautae
1196 967 1356 1040 Atticam

184 1090 496 1164 circumvehentes
525 1116 547 1163 a
570 1102 774 1187 Σουνιαρόιιῳ
798 1098 968 1162 Ποσειδῶνι
981 1114 1195 1187 prosperam
1212 1091 1357 1190 naviga-

182 1214 319 1287 tionem
361 1215 606 1311 implorabant
624 1209 659 1312 3).
703 1215 837 1308 Neque
878 1214 1038 1309 denique
1075 1215 1110 1286 in
1144 1240 1357 1289 enumeran-

185 1339 241 1413 dis
284 1347 476 1422 Ποσειδῶνος
516 1339 682 1425 cultibus,
725 1338 787 1433 qui
816 1339 851 1410 in
879 1340 1140 1434 promontoriis
1169 1341 1201 1412 ei
1225 1341 1358 1414 tribue-

182 1466 324 1551 bantur,
374 1464 515 1537 silentio
566 1463 762 1560 praeterire
818 1464 902 1536 licet
949 1470 1141 1546 Ποσειδῶνος
1176 1471 1358 1537 Ἑλικωνίου

182 1588 452 1662 venerationem
508 1588 790 1662 celeberrimam.
842 1588 941 1661 Huic
997 1587 1093 1660 enim
1143 1588 1215 1660 deo
1267 1588 1357 1661 Ionii

182 1715 359 1810 templum
402 1713 683 1787 aedificaverant
724 1714 759 1785 in
802 1714 948 1811 Mycale
989 1712 1253 1808 promontorio
1295 1712 1357 1786 ubi

183 1839 261 1913 dies
308 1839 428 1925 lestoS,
475 1841 523 1912 ab
556 1838 820 1913 institutoribus
864 1850 904 1910 τὰ
939 1849 1103 1912 Πανιώνια
1142 1838 1357 1925 nominatos,
1438 1840 1439 1846 '

183 1965 377 2060 quotannis
418 1966 653 2061 peragebant.
695 1964 807 2038 Unde
848 1962 939 2035 haec
967 1988 1072 2036 sacra
1099 1964 1252 2058 repetita
1279 1964 1358 2051 sint,

183 2091 347 2163 nondum
377 2115 444 2186 pro
473 2102 572 2162 certo
602 2101 751 2163 constat.
779 2088 977 2161 Pausanias
1006 2101 1042 2161 et
1069 2088 1203 2186 Strabo
1222 2114 1356 2162 nomen

183 2216 255 2287 deo
285 2214 437 2286 inditum
467 2240 546 2288 esse
574 2213 758 2287 affirmant
785 2215 833 2286 ab
863 2213 993 2285 Helice
1020 2213 1193 2299 Achaica,
1221 2240 1294 2308 qua
1321 2215 1356 2287 in

182 2341 274 2412 urbe
315 2339 401 2411 olim
444 2340 623 2413 coleretur
647 2345 813 2410 Ποσειδῶν.
852 2337 1010 2411 Posthac
1040 2338 1189 2412 Helices
1217 2338 1357 2412 incolae

182 2465 300 2562 patria
339 2465 443 2560 pulsi,
485 2465 700 2537 colonorum
743 2489 846 2535 more
887 2464 998 2535 deum
1040 2463 1197 2558 patrium
1230 2489 1356 2536 secum

182 2590 432 2685 deportavisse
469 2589 686 2676 ferebantur,
719 2602 866 2662 etcum
894 2587 994 2660 haud
1022 2589 1133 2684 longe
1161 2613 1183 2660 a
1211 2589 1358 2685 Mycale

182 2716 289 2789 sedes
327 2739 369 2787 ac
407 2715 592 2786 domicilia
624 2715 902 2800 constituissent,
941 2713 975 2784 in
1004 2712 1075 2785 hoc
1104 2714 1357 2808 promontorio

182 2840 360 2936 templum
403 2839 610 2912 condidisse
652 2841 892 2912 narrabantur
934 2838 1052 2934 patrio
1095 2839 1176 2932 deo,
1217 2851 1357 2911 retento

183 2965 333 3059 antiquo
349 2964 426 3037 eius
441 2965 672 3061 cognomine.
688 2967 797 3038 Hanc
817 2979 939 3037 tamen
949 2964 1164 3036 sententiam
1177 2958 1358 3062 Gruppet)

182 3102 328 3164 strenue
357 3091 557 3187 impugnat.
581 3096 761 3161 Πισιιδονιι
785 3095 964 3160 Ἑλικώνιον
994 3115 1016 3161 a
1045 3087 1219 3161 Boeotiae
1234 3101 1359 3160 monte

222 3332 247 3389 1)
265 3331 306 3378 De
325 3330 480 3388 testimoniis,
499 3345 563 3393 quae
581 3329 630 3378 huc
648 3329 780 3393 pertinent,
799 3329 856 3377 vide
875 3328 902 3378 S.
921 3327 1008 3385 wide,
1028 3326 1091 3375 Lak.
1112 3326 1185 3376 Kult.
1206 3338 1237 3389 33
1259 3342 1313 3390 sqq.

221 3420 246 3482 2)
266 3419 307 3468 Cf.
326 3419 404 3467 Diod.
423 3419 472 3468 Sic.
491 3420 531 3466 IV
553 3418 595 3481 85.
615 3418 700 3468 Strab.
719 3419 760 3468 VI
781 3428 839 3482 257.

219 3509 246 3571 3)
267 3509 305 3556 Cs.
334 3507 466 3572 Aristoph.
495 3509 581 3570 Equit.
610 3506 669 3571 560.
689 3508 779 3572 Nuper
797 3507 902 3555 societas
921 3506 1105 3569 archaeologica
1126 3505 1221 3555 Graeca
1240 3504 1288 3552 hoc
1302 3520 1359 3567 pro·

182 3599 331 3646 montorium
351 3596 521 3645 effodiendum
541 3598 642 3645 curavit.
661 3597 684 3645 E
704 3598 779 3645 variis
798 3595 1002 3660 inscriptionibus
1023 3597 1056 3644 ibi
1067 3596 1174 3642 inventis
1184 3593 1247 3642 clare
1257 3603 1359 3658 apparet

181 3688 269 3735 aedem
279 3703 372 3746 sacram
384 3686 410 3734 in
423 3702 521 3735 summo
531 3686 702 3751 promontorio
713 3687 794 3744 sitam,
806 3701 870 3749 quae
879 3700 958 3749 usque
968 3685 1051 3734 adhuc
1063 3681 1184 3754 Ἀθηνᾶς
1198 3681 1361 3746 Σουνιάδος

183 3781 304 3846 templum
323 3781 468 3840 habebatur,
490 3779 656 3836 Ποσειδῶνι
675 3780 783 3830 dicatam
803 3781 887 3831 fuisse.
907 3782 946 3828 De
965 3797 1015 3843 qua
1035 3796 1060 3828 re
1080 3781 1137 3828 vide
1157 3780 1187 3829 B.
1206 3780 1360 3843 stais‚Eph.

182 3875 262 3926 Arcb.
285 3889 351 3938 1900
371 3876 431 3925 vol.
450 3877 492 3923 III
512 3892 555 3941 pp.
579 3887 724 3939 113-150.
739 3878 832 3924 Mirum
843 3876 912 3939 quod
923 3875 1057 3939 scriptores
1067 3883 1163 3922 veteres
1174 3872 1361 3935 Ποσειδῶνος

184 3971 271 4035 templi
300 3971 373 4019 huius
401 3973 528 4036 permagni
556 3973 708 4019 mentionem
734 3972 827 4018 faciunt
849 3969 950 4025 nullam,
973 3968 1102 4038 '2129qu
1124 3980 1210 4019 contra
1229 3970 1360 4019 delubrum

182 4066 327 4130 saepissime
347 4074 550 4116 commemorant.

220 4157 245 4218 4)
264 4154 296 4203 Ο.
316 4154 427 4220 Gruppe,
448 4154 547 4203 Griech.
567 4155 650 4220 Myth.
670 4172 694 4204 u.
714 4154 773 4202 Rel.
794 4153 877 4216 gesch.
897 4154 963 4218 apud
984 4154 1004 4202 Ι.
1024 4171 1047 4201 v.
1069 4153 1141 4203 Miill.
1162 4155 1266 4203 Handb.
1285 4152 1310 4200 d.
1325 4152 1360 4201 kl.

183 4243 293 4294 Alterth.
312 4245 339 4295 V
360 4257 410 4304 2,1.
429 4260 473 4310 pp.
494 4255 526 4308 74
546 4253 571 4294 et
591 4254 651 4306 272.
