3090 4942
709 347 753 414 91

146 534 280 610 sensim
319 549 429 631 atque
465 535 639 632 paulatim
678 538 725 609 ab
753 536 832 610 aliis
860 536 930 611 diis
958 562 1025 610 suo
1053 538 1137 611 loco
1159 536 1321 635 depelle-

148 675 254 735 retur.
274 661 516 736 Ostendimus
536 661 608 734 iam
633 669 824 754 Ἀφροδίτης
847 662 985 735 cultum
1001 662 1037 757 in
1051 663 1321 758 Acrocorintho

145 793 259 859 Ἡλίου
295 786 517 860 venerationi
559 788 787 874 successisse,
828 787 886 861 cui
923 788 1091 884 exemplo
1133 789 1203 863 alia
1230 789 1321 863 eius-

148 911 336 985 demmodi
374 912 528 986 fortasse
566 912 653 986 addi
685 927 847 1008 possunt.
894 915 987 1007 Prae
1029 913 1158 987 ceteris
1200 927 1320 988 tamen

147 1036 217 1110 diis
253 1047 329 1118 Ζεύς
361 1037 439 1133 ipse
462 1044 575 1109 Ἡλίου
599 1039 716 1111 cultus
745 1040 792 1111 ad
820 1064 861 1112 se
888 1038 1038 1112 traxisse
1064 1039 1216 1112 videtur.
1258 1039 1320 1113 Sic

146 1161 207 1234 Vix
234 1162 408 1259 denegari
445 1177 566 1258 potest
594 1173 654 1234 Aia
681 1169 855 1235 Tolerium
887 1177 923 1237 et
957 1174 1017 1234 Aia
1043 1171 1209 1250 Ταλλαῖον,
1232 1190 1321 1259 quo-

148 1313 228 1360 rum
271 1286 360 1360 alter
401 1288 436 1359 in
481 1288 674 1374 Laconica,
715 1289 805 1361 alter
832 1288 868 1360 in
897 1290 1006 1363 Creta
1033 1290 1230 1375 colebatur,
1258 1289 1320 1362 ubi

148 1411 256 1485 etiam
295 1423 336 1481 τὰ
374 1419 515 1484 Tallara
549 1421 602 1505 ὄρη
639 1415 686 1486 ab
724 1440 768 1487 eo
797 1428 899 1487 erant
927 1413 1170 1500 denominata,
1197 1416 1319 1487 locum

148 1561 350 1632 occupasse
377 1538 575 1634 pervetusti
599 1545 717 1610 εἩλίου
741 1540 858 1613 cultus
877 1536 920 1637 1);
944 1545 1054 1622 Τάλως
1073 1539 1169 1612 enim
1185 1565 1320 1637 cogno-

149 1662 355 1736 minabatur
378 1671 501 1751 Ἥλιος,
524 1677 616 1737 teste
646 1663 836 1761 Hesychio
855 1660 889 1762 2),
917 1690 984 1738 nec
1012 1690 1085 1736 non
1114 1664 1149 1736 in
1164 1664 1320 1761 Taygeti

147 1791 282 1865 vertice
309 1795 446 1885 Talao,
469 1791 570 1884 quod
598 1815 733 1862 nomen
748 1791 795 1862 ab
810 1790 939 1862 eadem
955 1789 1067 1886 stirpe
1080 1790 1319 1863 derivandum

148 1941 228 1988 esse
268 1916 420 2001 videtur,
462 1940 579 2009 usque
607 1915 654 1987 ad
683 1914 886 1987 Pausaniae
915 1928 1069 1988 aetatem
1095 1922 1208 1997 Ἥλιος
1232 1916 1321 1988 cele-

148 2042 331 2114 brabatur.
358 2044 452 2113 Arto
481 2039 592 2136 igitur
619 2039 765 2112 vinculo
794 2040 885 2112 inter
913 2065 953 2113 se
981 2039 1195 2113 coniunctos
1209 2039 1321 2113 fuisse

149 2175 208 2234 Δία
245 2180 280 2238 et
317 2171 434 2237 Ἥλιον
470 2165 672 2237 admodum
701 2164 893 2260 probabile
922 2163 1009 2237 mihi
1037 2164 1198 2249 videtur;
1227 2190 1322 2258 quae

148 2289 297 2383 quidem
328 2316 385 2364 res
413 2303 601 2386 praeterea
628 2314 672 2362 eo
702 2315 850 2384 quoque
878 2288 1090 2375 affirmatur,
1118 2290 1219 2383 quod
1234 2304 1321 2362 tem-

148 2440 239 2509 pore
279 2414 514 2501 hellenistic0‚
555 2440 639 2488 cum
682 2415 890 2510 complures
932 2414 1003 2486 iam
1038 2413 1096 2487 dei
1133 2414 1169 2485 in
1207 2440 1318 2487 unum

149 2541 414 2627 coalescebant,
441 2539 541 2612 haud
571 2565 653 2613 raro
677 2551 753 2621 Ζεύς
776 2553 817 2634 et
835 2545 949 2621 Ἥλιος
968 2538 1201 2624 coniunctim,
1216 2539 1320 2634 quasi
1390 2639 1392 2643 Ι

149 2691 260 2737 unum
291 2678 387 2739 esset
414 2691 549 2738 numen
577 2665 842 2738 invocabantur
860 2660 894 2762 4).
932 2665 1037 2756 Quae
1065 2690 1149 2736 cum
1178 2663 1228 2737 ita
1241 2665 1321 2751 sint,

149 2790 282 2864 nemini
313 2790 444 2864 mirum
472 2789 587 2864 videri
615 2803 744 2886 potest,
768 2797 868 2884 Ἡλίῳ
892 2789 1027 2862 tributa
1054 2815 1134 2862 esse
1149 2790 1321 2862 nonnulla

149 2942 309 3003 munera,
351 2916 483 3011 quibus
526 2915 612 2988 olim
649 2925 726 2996 Ζεύς
762 2915 862 2988 solus
904 2913 1006 3011 fungi
1035 2915 1185 2999 soleret;
1208 2921 1321 2984 Ἡλίου

149 3039 260 3137 igitur
289 3041 593 3127 informationem,
622 3042 766 3136 qualem
787 3052 904 3112 aetate
918 3039 1141 3112 hellenistica
1153 3038 1320 3111 homines

149 3165 278 3238 animis
293 3166 362 3238 sibi
377 3166 603 3263 effingerent,
617 3176 689 3248 Διός
703 3163 949 3238 informationi
964 3163 1189 3237 consimilem
1200 3162 1321 3248 fuisse,

149 3313 215 3382 per
243 3313 282 3361 se
311 3289 538 3388 intellegitur.
567 3290 711 3383 Quibus
740 3290 910 3363 omnibus
924 3291 1018 3363 bene
1032 3288 1233 3386 perspectis
1247 3287 1319 3359 iam

189 3539 210 3597 ι)
229 3538 268 3587 Cr.
289 3536 401 3602 Hesych.
421 3554 441 3588 s.
456 3554 479 3587 v.
500 3538 629 3599 Ταλαῖος.
650 3540 737 3596 Caum,
759 3538 829 3587 Del.²
853 3550 909 3596 120,
933 3550 989 3585 121.
1009 3538 1039 3587 C.
1058 3537 1079 3587 Ι.
1100 3537 1131 3586 G.
1153 3547 1229 3601 2554,
1243 3536 1319 3599 2569.

149 3632 174 3680 S.
188 3632 275 3691 Wide,
295 3631 358 3683 Lak.
376 3632 456 3681 Kulte
475 3649 499 3697 p.
517 3633 562 3682 18:
585 3635 694 3691 „Hinter
712 3635 768 3682 dem
788 3633 929 3681 Beinamen
948 3634 1088 3693 Ταλλαῖος
1098 3632 1149 3680 und
1160 3632 1320 3692 Ταλετίτας

149 3728 230 3776 steckt
254 3728 457 3778 wahrscheinlich
480 3731 520 3777 ein
544 3730 605 3779 alter
625 3729 779 3787 Helioslrult‚
798 3731 847 3778 wie
863 3729 909 3778 wir
926 3728 988 3777 auch
1008 3728 1106 3784 wissen,
1125 3728 1182 3775 dass
1201 3729 1244 3776 auf
1262 3729 1319 3775 dem

150 3817 274 3871 Ἰαλεεόν
293 3827 434 3880 genannten
455 3818 539 3882 Gipfel
558 3819 602 3867 des
624 3821 751 3884 Taygetos
770 3819 811 3867 ein
827 3818 1001 3866 Heliosdienst
1020 3816 1086 3865 noch
1099 3817 1124 3865 in
1137 3821 1224 3880 sptiten
1235 3818 1319 3865 Zeiten

149 3913 280 3962 bestand.”
402 3970 405 3975 ¹

187 4002 213 4065 2)
233 4003 345 4067 Hesych.
366 4019 386 4053 s.
397 4021 420 4053 v.
441 4004 547 4065 Τάλως,
672 4001 699 4070 3)
718 4005 794 4054 Paus.
813 4004 853 4051 III
874 4016 942 4067 20,4.

190 4099 215 4160 4)
234 4097 274 4147 Cf.
291 4097 321 4147 C.
340 4099 361 4148 I.
381 4099 412 4148 G.
440 4099 517 4160 2716,
543 4099 621 4163 4262,
645 4110 723 4163 4590,
747 4099 825 4163 4604.
849 4099 878 4150 C.
898 4100 919 4149 I.
938 4100 968 4149 L.
993 4099 1076 4162 1113,
1103 4099 1144 4148 IX
1165 4099 1242 4163 5824.
1279 4097 1320 4145 De

151 4187 243 4237 talibus
262 4189 418 4252 syncretismi
436 4189 555 4254 exemplis
574 4189 658 4238 confer
675 4190 711 4238 H.
730 4190 836 4248 Usener,
854 4190 967 4239 Gottern.
985 4201 1046 4252 341.
