3090 4942
689 359 763 442 ,38

152 564 224 636 iam
253 564 504 638 remotissimis
532 567 759 662 temporibus
787 567 941 640 summis
969 567 1005 638 in
1034 566 1220 640 montibus
1235 566 1325 639 deos

151 690 384 763 veneratione
425 706 640 786 prosecutos
682 717 769 765 esse.
812 693 924 785 Quod
965 705 1088 765 autem
1123 703 1199 774 Ζεύς
1228 717 1327 764 com-

152 816 275 912 plures
302 815 371 888 hos
399 815 526 902 cultus,
554 817 648 890 sicut
675 842 786 913 supra
813 817 983 903 vidimus,
1011 817 1059 889 ad
1086 842 1126 890 se
1153 816 1269 902 traxit,
1290 817 1326 888 id

154 940 303 1013 minime
339 955 401 1025 est,
439 942 540 1036 quod
579 942 762 1015 miremur.
801 944 900 1015 Nam
939 967 1106 1015 summus
1139 941 1198 1014 ille
1226 942 1327 1027 deus

154 1080 409 1161 praeterquam
461 1067 563 1161 quod
604 1067 695 1140 lucis
737 1081 866 1140 auctor
907 1070 1105 1164 putabatur
1134 1064 1167 1165 ¹),
1218 1067 1326 1140 etiam

154 1191 370 1264 nebularum
412 1205 448 1264 et
488 1192 660 1265 imbrium
699 1192 833 1265 arbiter
866 1207 976 1288 atque
1004 1193 1215 1265 moderator
1243 1205 1328 1277 erat,

155 1316 329 1412 quocirca
357 1317 470 1389 multa
498 1317 677 1390 montium
706 1317 899 1392 cacumina
926 1319 958 1391 ei
983 1331 1085 1391 erant
1108 1330 1328 1390 consecrata.

156 1441 339 1514 Montium
377 1442 473 1514 enim
511 1443 672 1529 vertices
701 1469 795 1538 quos
823 1445 978 1516 nebulae
1006 1443 1176 1516 obsidere
1203 1443 1329 1526 solent,

155 1591 240 1640 cum
269 1567 414 1662 pluviae
429 1567 570 1654 instant,
585 1568 757 1641 imbrium
773 1568 966 1665 praesagia
988 1589 1118 1658 „apparu
1146 1568 1289 1639 oddzuv''
1303 1566 1328 1663 2)

156 1694 382 1788 praebebant
418 1693 598 1790 agricolis,
635 1693 697 1788 qui
726 1692 813 1765 nihil
842 1693 902 1764 vix
929 1707 1118 1788 tantopere
1146 1691 1328 1765 desidera-

156 1819 253 1902 bant,
294 1842 406 1911 quam
448 1818 620 1890 imbrium
663 1818 737 1891 vim
778 1819 984 1891 salutarem.
1027 1820 1127 1890 Nam
1169 1816 1261 1889 aridi
1294 1831 1330 1889 et

156 1941 331 2015 siticulosi
369 1942 547 2016 Graeciae
579 1943 668 2040 agri,
706 1943 918 2039 praesertim
947 1943 981 2030 ii,
1009 1943 1071 2038 qui
1101 1942 1136 2014 in
1165 1941 1329 2038 partibus

157 2067 392 2140 orientalibus
429 2068 486 2140 siti
523 2081 616 2154 sunt,
652 2094 798 2165 semper
825 2094 935 2164 quam
966 2068 1123 2140 maxime
1151 2092 1328 2162 aquarum

145 2193 310 2289 ⁴penuria
349 2193 607 2267 laboraverunt
620 2187 663 2291 3);
705 2194 879 2289 quocirca
916 2191 1329 2289 Pindarus'Aeschylus

158 2316 363 2413 Euripides,
399 2319 534 2391 summi
566 2344 654 2392 sane
682 2333 813 2416 poetae
842 2318 984 2405 Graeci,
1011 2318 1111 2391 haud
1140 2316 1329 2414 dedignati

157 2455 242 2514 sunt
269 2442 441 2515 imbrium
470 2443 732 2540 benignitatem
757 2443 979 2518 carminibus
994 2444 1178 2517 celebrare
1191 2439 1226 2540 4).
1241 2441 1330 2515 Inde

158 2568 284 2664 igitur·
298 2568 405 2663 plane
432 2568 685 2666 intellegimus
714 2595 779 2642 cur
807 2570 940 2644 Graeci
964 2569 1064 2642 haud
1088 2593 1170 2641 raro
1187 2579 1329 2640 montes

198 2857 220 2918 ι)
239 2856 278 2904 Cf.
298 2872 361 2919 quae
380 2857 412 2905 de
432 2849 506 2918 Διὸς
527 2860 658 2912 Λυκαίου
677 2858 745 2906 cultu
763 2859 1010 2907 commemoravimus
1029 2873 1071 2921 pp.
1085 2868 1118 2919 33
1133 2872 1170 2919 sq.

196 2951 220 3012 2)
239 2950 279 3000 Cl.
299 2949 466 3016 Theophrast.
485 2953 526 3001 De
544 2954 607 3016 sign.
627 2962 702 3018 temp,
722 2955 735 3001 I
755 2965 784 3016 3;
805 2955 831 3001 II
852 2968 893 3017 31,
914 2966 958 3016 34;
979 2953 1020 3000 III
1039 2965 1081 3015 43,
1101 2963 1143 3015 45,
1164 2962 1210 3014 47;
1231 2952 1271 2999 IV
1289 2962 1331 3014 51.

159 3041 231 3088 Idem
249 3040 320 3105 plura
338 3043 451 3106 exempla
470 3041 563 3115 „ripoiv
582 3042 784 3113 apportaturos*
804 3051 988 3093 commemorat.
1013 3043 1085 3090 Haec
1103 3048 1173 3090 sunt:
1193 3041 1331 3104 Hymettus

160 3136 241 3182 minor
265 3143 291 3183 et
314 3136 392 3184 maior
411 3137 433 3199 (I
453 3149 502 3200 20),
523 3138 611 3187 Pelion
630 3140 652 3201 (I
672 3140 721 3199 22),
742 3140 855 3202 Aeginae
873 3154 947 3186 mons
966 3130 1042 3198 Διὸς
1063 3131 1220 3189 Ἑλλανίου
1239 3137 1260 3197 (Ι
1282 3136 1330 3197 24),

159 3231 253 3278 Parnes
271 3230 390 3280 Brilettus
409 3232 532 3298 Olympus
551 3232 636 3281 Athos
655 3233 705 3287 (ΙΙΙ
724 3236 776 3296 43).

196 3321 221 3380 3)
240 3320 281 3368 ct.
299 3321 394 3371 Neum.
413 3339 437 3371 u.
460 3321 571 3381 Partsch,
591 3321 694 3387 Physik.
713 3323 803 3386 Geogr.
822 3340 847 3373 v.
867 3322 1008 3373 Griechenl.
1025 3338 1050 3386 p.
1071 3321 1119 3381 76:
1140 3336 1201 3378 „aus
1220 3320 1278 3368 dem
1288 3335 1333 3367 vor

160 3410 241 3458 Dtirre
268 3410 522 3460 verschmachtenden
550 3413 630 3461 Osten
657 3414 701 3460 des
730 3413 831 3461 Laudes
859 3413 954 3475 stiegen
982 3411 1023 3459 die
1050 3410 1147 3459 Gebete
1170 3424 1257 3472 empor
1276 3424 1332 3456 zum

160 3500 340 3562 Himmelsgott
366 3501 403 3548 als
431 3502 488 3550 dem
507 3492 566 3550 bald
585 3510 667 3565 streng
685 3503 862 3564 versagenden‚
882 3501 940 3550 bald
959 3501 1050 3564 gnadig
1069 3498 1230 3563 spendenden
1249 3499 1332 3546 Herrn

159 3587 386 3653 atmosph‘arischer
404 3591 603 3654 Feuchtigkeit.”
869 3587 872 3594 ’

196 3679 283 3727 Gracci
302 3679 376 3728 etiam
395 3696 461 3729 nunc
478 3697 598 3744 aquarum
616 3682 700 3746 inopia
719 3697 793 3746 saepe
811 3685 964 3746 premuntur,
977 3695 1028 3743 quo
1040 3679 1133 3728 factum
1146 3683 1192 3735 est,
1205 3684 1233 3726 ut
1242 3677 1334 3726 locutio

162 3771 237 3835 „asir
266 3766 335 3844 upud
365 3769 446 3844 rapti*
476 3775 492 3821 i.
512 3787 534 3822 e.
564 3771 652 3835 „quasi
680 3788 745 3836 aqua
772 3771 875 3835 frigida”
905 3771 930 3817 in
949 3769 1107 3834 proverbium
1126 3768 1234 3816 cesserit.
1263 3768 1334 3830 Quae

160 3867 262 3932 quidem
281 3867 374 3915 locutio
392 3867 424 3915 ab
443 3867 472 3914 iis
490 3866 623 3915 adhibetur
640 3867 672 3915 ad
691 3866 849 3915 indicandam
868 3881 927 3921 rem,
948 3878 1012 3928 quae
1031 3878 1089 3927 prae
1102 3860 1189 3910 ceteris
1200 3863 1226 3908 in
1239 3859 1334 3909 deliciis

160 3958 262 4006 habent.
288 3957 328 4005 Cf.
348 3956 377 4004 C.
396 3953 575 4014 Wachsmuth,
595 3956 666 4015 „Das
684 3956 733 4004 alte
752 3955 892 4004 Griechenl.
912 3955 946 4001 im
965 3953 1062 4000 neuen’'
1083 3968 1108 4016 p.
1129 3961 1170 4013 51.
1189 3953 1270 3999 Anm.
1293 3962 1333 4010 19.

198 4048 224 4108 4)
242 4045 346 4093 Pindari
365 4061 464 4093 carmen
482 4045 589 4109 primum
607 4046 694 4109 incipit
712 4062 726 4093 a
744 4045 827 4092 verbis
847 4043 1009 4116 ,Ἄριστον
1021 4035 1074 4111 μὲν
1089 4037 1256 4112 {thoph-Cf.
1266 4053 1334 4103 prae·

162 4149 229 4189 terea
247 4139 368 4204 Aeschyli
386 4141 473 4203 fragm.
492 4141 559 4204 apud
578 4140 673 4189 Athen.
692 4140 765 4187 XIII
783 4155 807 4203 p.
829 4138 881 4187 600
891 4147 916 4187 et
925 4117 1056 4204 Euripidis
1063 4139 1150 4200 fragm.
1161 4136 1228 4200 apud
1238 4133 1334 4182 Athen.

163 4229 235 4279 XIII
254 4246 280 4296 p.
300 4240 351 4293 599
371 4231 388 4279 f.
