3090 4942
752 400 791 445 11

183 586 387 684 peculiares
413 586 654 677 caerimonias
681 615 703 661 a
727 588 909 686 Dionysio
924 588 1238 662 Halicamassensi
1253 589 1359 661 Livio

183 713 264 786 aliis
291 728 629 786 commemorantur
646 711 681 812 ¹).

237 838 367 911 Altera
402 837 525 910 Diana
552 864 574 910 a
602 852 726 911 monte
752 838 883 924 Tifata,
910 838 973 911 ubi
1000 840 1198 924 colebatur,
1224 864 1358 912 nomen

183 962 365 1037 Tifatinae
392 977 584 1060 acceperat
601 961 637 1062 2).
798 1048 802 1053 ,

239 1089 383 1162 Ultimo
416 1089 500 1161 loco
527 1088 588 1161 hic
616 1089 841 1161 nominanda
868 1103 923 1162 est
949 1091 1074 1162 Venus
1103 1089 1271 1186 Erycina,
1298 1089 1358 1162 cui

184 1214 221 1286 in
250 1215 382 1311 Eryce,
409 1213 555 1287 Siciliae
583 1228 717 1299 monte,
745 1215 856 1289 aedes
883 1228 960 1287 erat
988 1229 1208 1288 consecrata
1245 1215 1358 1288 Cuius

184 1354 306 1412 tamen
344 1339 482 1412 cultum
511 1352 642 1433 postea
677 1341 853 1425 tractab0,
893 1365 977 1412 cum
1015 1340 1062 1411 ad
1087 1347 1278 1430 Ἀφροδίτης
1300 1365 1358 1412 ve-

184 1464 409 1538 nerationem
440 1489 499 1536 me
527 1464 718 1537 deduxerit
745 1465 953 1560 disputatio.

238 1589 383 1683 Quodsi
418 1590 532 1662 hosce
564 1591 819 1662 Romanorum
848 1590 978 1678 cultuS,
1008 1589 1176 1684 quamvis
1203 1589 1358 1686 exiguus

185 1740 314 1788 eorum
365 1740 539 1787 numerus
579 1715 634 1800 sit
674 1715 786 1810 paulo
827 1714 1032 1787 accuratius
1073 1714 1358 1800 consideramus

184 1865 363 1937 perquam
401 1839 562 1912 notabile
589 1840 678 1913 mihi
706 1840 849 1912 videtur
877 1839 975 1911 idem
1003 1840 1050 1911 de
1078 1839 1206 1912 ceteris
1235 1839 1358 1913 ltaliae

186 1965 397 2039 numinibus
411 1965 447 2037 in
462 1964 553 2038 locis
562 1965 813 2061 superioribus
823 1965 929 2037 cultis
939 1965 1068 2050 valere,
1078 1966 1180 2059 quod
1189 1960 1301 2060 supra
1311 1966 1358 2037 de

186 2092 274 2164 love
296 2116 411 2187 agens
434 2090 672 2163 animadverti
686 2088 720 2186 3),
739 2115 867 2162 eorum
878 2090 1042 2162 cultuum
1053 2090 1272 2184 praecipuos
1282 2115 1358 2162 om-

188 2242 252 2290 nes
280 2216 328 2288 ad
343 2215 587 2288 remotissima
600 2230 769 2310 tempora
783 2215 993 2287 referendos
1009 2239 1097 2287 esse.
1127 2215 1226 2286 Nam
1242 2228 1278 2287 et
1292 2216 1358 2287 So-

186 2366 316 2415 ranum
359 2354 395 2413 et
427 2340 587 2413 Dianam
616 2341 912 2422 Aventinensem
940 2353 979 2411 ut
1007 2353 1148 2412 ceteros
1176 2339 1266 2411 deos
1295 2339 1358 2411 mi·
1456 2411 1461 2418 .

185 2466 285 2540 noris
350 2465 525 2538 momenti
580 2465 756 2552 omittam,
812 2465 905 2537 inter
946 2464 1097 2538 numina
1141 2464 1358 2562 perantiqua

184 2592 376 2665 habendos
413 2616 502 2676 esse,
539 2616 648 2663 nemo
677 2617 749 2663 non
778 2591 885 2664 videt
914 2589 1098 2683 Quocirca
1125 2590 1356 2662 manifestum

184 2732 240 2792 est
268 2717 346 2790 lieri
380 2717 479 2790 nullo
509 2716 622 2789 modo
650 2717 823 2812 potuisse,
851 2731 891 2789 ut
919 2717 1079 2788 Romani
1108 2741 1248 2789 morem
1264 2715 1357 2788 deos

184 2842 221 2915 in
249 2842 340 2914 locis
367 2840 473 2914 editis
501 2841 644 2914 colendi
673 2868 695 2914 a
722 2841 874 2916 Graecis
902 2856 1162 2914 mutuarentur.

238 2967 351 3060 Quod
379 2967 426 3039 ad
455 2982 595 3039 ceteros
623 2967 781 3063 populos
809 2967 1122 3040 Indo-Germanos
1150 2966 1284 3052 attinet,
1299 2965 1358 3038 vix

185 3120 280 3167 unus
321 3093 413 3166 inter
455 3118 518 3165 eos
560 3093 739 3165 nominari
781 3106 910 3190 potest
942 3094 1042 3189 apud
1075 3118 1185 3187 quem
1215 3106 1357 3164 montes

185 3218 255 3292 diis
291 3244 364 3291 non
394 3217 526 3290 fuerint
554 3218 754 3291 consecrati
773 3214 808 3314 4).
836 3217 1052 3290 Praesertim
1087 3220 1356 3291 Germanorum

224 3443 249 3505 1)
268 3443 345 3491 Dion.
364 3441 424 3490 Hal.
444 3442 483 3490 lV
505 3440 546 3491 26.
565 3443 620 3489 Liv.
640 3443 652 3488 Ι
672 3453 713 3505 45.
734 3439 791 3489 Val.
811 3442 872 3488 Max
891 3441 945 3488 VlI
965 3453 988 3503 3,
1013 3453 1033 3487 1.
1046 3439 1111 3488 Plut.
1127 3440 1230 3503 Quaest.
1242 3440 1321 3487 Rom.
1332 3454 1356 3502 4.

184 3533 254 3580 Fest.
282 3548 307 3596 p.
338 3544 398 3594 343.
427 3532 540 3579 Servium
568 3530 678 3579 Tullium
707 3530 771 3579 hanc
798 3531 886 3578 aedem
906 3529 1084 3578 aedificandam
1104 3530 1227 3577 curavisse
1246 3528 1356 3577 traditur.

185 3622 226 3671 Ct'.
244 3622 302 3671 Liv.
320 3621 378 3670 Val.
389 3621 459 3669 Max.
479 3620 513 3669 l.l.

222 3711 250 3773 2)
272 3711 313 3759 Cf.
332 3711 440 3758 Varron.
461 3711 497 3758 R.
517 3718 576 3758 rust.
598 3710 638 3756 III
662 3722 682 3766 1,
703 3709 726 3755 6.
747 3709 818 3756 Paul.
838 3724 863 3772 p.
874 3708 933 3770 366.
954 3708 1035 3755 Varro
1044 3723 1118 3770 quem
1129 3707 1314 3755 observationes
1325 3708 1357 3755 de

185 3800 337 3865 etymologia
365 3801 488 3847 famosum
516 3814 576 3846 sane
595 3798 764 3855 reddiderunt,
784 3798 891 3844 nominis
910 3798 1030 3858 originem
1051 3796 1151 3844 deducit
1171 3813 1185 3843 a
1209 3797 1284 3851 „tila”
1305 3797 1357 3845 sive

186 3890 282 3948 „tiba”‚
301 3904 365 3953 quae
375 3889 496 3938 vocabula
506 3889 653 3952 perantiqua
664 3887 790 3944 „montis”
801 3887 854 3934 sive
867 3886 968 3948 „collis”
980 3900 1080 3934 sensum
1092 3885 1209 3934 habuisse
1219 3887 1356 3935 contendit.

221 3981 247 4041 3)
265 3979 305 4028 Cs-
324 3994 380 4043 par·
401 3991 425 4039 9·

221 4070 248 4132 4)
266 4069 382 4117 Creuzeri
409 4067 479 4124 liber,
505 4066 548 4130 qui
568 4062 710 4114 inscribitur
729 4065 841 4128 Symbol.
861 4081 885 4114 u.
906 4064 988 4127 Myth.
1008 4064 1051 4111 der
1070 4064 1136 4112 alten
1152 4065 1356 4113 volterinae.

186 4157 299 4216 Gnech„
319 4157 376 4206 licet
395 4157 448 4204 eius
466 4157 598 4204 auctoritas
618 4157 641 4202 in
660 4155 731 4202 rebus
742 4153 916 4217 mythologicis
925 4154 1067 4216 ceteroquin
1079 4155 1130 4201 iure
1141 4155 1164 4201 in
1176 4153 1356 4202 dubitationem

185 4251 295 4304 vocetur,
323 4246 355 4294 ad
383 4243 555 4294 huiuscemodi
583 4244 662 4293 cultus
690 4243 876 4308 cognoscendos
903 4242 1046 4291 utilissimus
1074 4252 1120 4292 est.
1149 4242 1187 4292 Cl.
1207 4241 1280 4292 huius
1300 4243 1355 4292 libri
