3090 4942
648 876 819 952 CAPUT
848 877 907 951 IV.

236 1115 329 1182 Num
354 1115 484 1183 Graeci
509 1117 662 1183 deorum
686 1117 723 1182 in
751 1117 845 1212 iocis
873 1118 981 1184 editis
1003 1117 1150 1184 colendi
1176 1134 1318 1185 morem

305 1223 453 1290 aliunde
477 1224 685 1305 petiverint.
724 1223 776 1291 De
800 1225 964 1309 vestigiis
990 1225 1099 1292 huius
1125 1225 1245 1292 cuitus

590 1334 710 1397 aetate
733 1332 953 1398 recentiore.

241 1779 282 1851 ln
324 1779 574 1874 superioribus
615 1778 722 1852 variis
764 1779 939 1875 exemplis
981 1780 1217 1867 ostendimus
1250 1806 1360 1876 quam

187 1904 404 2000 pervulgata
431 1906 530 2000 apud
559 1906 722 1978 Graecos
746 1917 840 1978 esset
868 1906 1096 1977 consuetudo
1112 1905 1203 1978 deos
1217 1905 1362 1978 colendi

187 2029 223 2101 in
253 2030 437 2103 montibus
465 2022 619 2103 collibus
641 2029 992 2127 promontoriisque;
1021 2055 1177 2125 quorum
1193 2031 1360 2103 locorum

188 2155 396 2251 complures
423 2155 550 2251 priscis
578 2156 705 2228 saitem
734 2154 961 2251 temporibus
990 2155 1089 2250 ipsos
1109 2181 1258 2250 quoque
1271 2169 1362 2228 tam-

187 2306 297 2375 quam
326 2281 417 2354 deos
446 2281 618 2354 adoratos
647 2279 757 2353 fuisse
784 2281 962 2381 probasse
990 2279 1077 2351 mihi
1092 2279 1229 2353 videor.
1255 2282 1362 2353 Prae-

186 2418 286 2478 terea
323 2405 500 2502 apparuit,
537 2430 665 2478 omnes
707 2405 834 2491 cuitus
875 2430 987 2501 supra
1028 2430 1050 2476 a
1092 2432 1150 2478 me
1177 2419 1361 2492 tractatos

186 2529 396 2603 referendos
438 2554 518 2603 esse
559 2531 607 2602 ad
649 2554 713 2603 eos
755 2530 854 2616 deos
895 2530 958 2625 qui
999 2529 1034 2601 in
1063 2530 1167 2603 coelo
1194 2530 1360 2603 habitare

185 2668 407 2751 putarentur,
445 2656 543 2728 unde
580 2655 698 2728 lucem
733 2668 843 2750 atque
879 2655 1019 2729 calores
1052 2654 1230 2728 fecundos
1258 2681 1360 2751 prae-

185 2781 313 2853 berent
350 2779 463 2865 terris
500 2781 597 2852 unde
625 2781 760 2853 imbres
788 2779 1018 2867 dimitterent,
1046 2781 1144 2853 unde
1172 2780 1359 2877 navigato-

187 2905 286 2979 ribus
314 2921 442 2979 ventos
471 2906 600 2978 darent
618 2906 809 2991 secundos,
824 2907 922 2978 unde
936 2905 1094 3000 denique
1109 2905 1179 2979 alio
1194 2906 1358 3001 quodam

187 3032 302 3104 modo
317 3031 527 3103 hominibus
544 3029 733 3116 montanis
747 3031 955 3126 pastoribus
970 3029 1121 3126 aliisque
1134 3032 1359 3126 prodessent.

185 3157 261 3228 Iam
296 3156 409 3251 digna
437 3154 524 3228 mihi
555 3155 708 3241 videtur,
736 3156 783 3228 de
811 3181 891 3250 qua,
912 3157 1023 3252 paulo
1052 3155 1166 3229 fusius
1194 3181 1358 3253 agamus,

184 3281 359 3375 quaestio,
387 3295 508 3353 utrum
537 3280 627 3353 haec
658 3281 802 3354 colendi
823 3279 913 3353 ratio
930 3281 1080 3356 Graecis
1096 3281 1180 3354 inde
1195 3307 1217 3354 a
1231 3281 1358 3377 priscis

184 3407 412 3502 temporibus
453 3405 603 3502 propria
643 3406 759 3492 fuerit,
801 3431 846 3478 an
888 3405 1042 3479 fortasse
1084 3406 1229 3479 aliunde
1275 3431 1356 3478 eam

184 3531 337 3604 mutuati
379 3531 458 3604 sint.
499 3531 583 3623 Qua
624 3531 658 3602 in
701 3557 740 3604 re
780 3557 869 3627 prae
911 3532 1039 3604 ceteris
1076 3532 1281 3628 cogitamus
1309 3531 1357 3603 de

183 3656 328 3752 populis
356 3655 476 3751 stirpis
505 3655 707 3729 Semiticae.
735 3656 848 3751 Apud
864 3681 928 3728 eos
942 3655 1037 3728 enim
1054 3655 1354 3729 consuetudinem

182 3781 273 3853 deos
299 3780 451 3854 summis
480 3780 515 3851 in
531 3781 715 3853 montibus
730 3780 875 3854 colendi
890 3806 1000 3874 quam
1017 3781 1173 3853 maxime
1187 3779 1355 3876 viguisse,

183 3930 294 4001 supra
320 3905 479 3979 vidimus
492 3900 527 4002 1).
560 3906 684 3977 Primo
704 3906 813 4003 igitur
826 3906 909 3978 ioco
925 3906 1193 4003 investigemur,
1207 3904 1354 4000 quinam

183 4033 412 4106 Graecorum
455 4030 572 4104 cuitus
614 4031 648 4103 in
686 4031 777 4105 locis
818 4031 922 4105 editis
951 4057 1034 4104 cum
1064 4029 1357 4104 venerationibus

222 4205 248 4278 1)
268 4209 306 4258 Cf.
325 4225 382 4274 pag.
404 4222 443 4257 12.
