3090 4942
750 301 798 384 64

191 511 410 596 Haliartum,
439 508 588 582 Boetiae
615 509 754 594 urbem,
783 507 818 579 in
849 521 982 592 monte,
997 507 1056 579 cui
1071 532 1208 580 nomen
1223 513 1367 596 Taland-

190 666 254 708 σιον
287 635 364 709 sive
397 641 588 724 Τιλφώσσιον
618 648 704 719 erat,
739 633 922 730 Apollinis
959 632 1084 705 lanum
1112 632 1221 706 situm
1251 631 1368 706 fuisse

189 761 398 856 complures
426 742 561 833 docent
587 759 784 855 scriptores
802 755 836 857 ¹).

244 885 426 958 Laconiae
467 885 608 957 incolae
644 883 854 979 Apollinem
891 882 1096 980 Pythaeum
1134 883 1211 956 sive
1246 883 1365 954 Thor-

189 1010 333 1082 nacium
362 1012 398 1083 in
428 1025 551 1083 monte
577 1009 771 1082 Thornace
798 1011 1064 1082 venerabantur
1082 1005 1117 1106 ²).
1145 1007 1218 1101 Qui
1233 1009 1366 1094 cultuS,

186 1136 216 1209 si
259 1136 337 1209 viro
379 1137 490 1209 docto
533 1130 811 1232 Immerwahr³)
857 1136 1060 1220 credamus,
1087 1160 1110 1207 a
1139 1132 1295 1230 Delphis
1324 1134 1364 1206 in

189 1262 387 1334 Laconiam
434 1261 636 1358 penetravit
680 1286 746 1356 per
796 1260 1013 1357 Argolidem
1056 1258 1257 1356 regionem,
1299 1259 1364 1331 ubi

186 1387 323 1482 Apollo
351 1386 549 1483 praecipue
577 1385 613 1457 in
641 1385 731 1458 locis
747 1385 928 1458 montanis
942 1384 1107 1457 habitare
1121 1383 1314 1456 dicebatur
1327 1381 1364 1481 ⁴).

189 1511 287 1584 Hinc
312 1519 516 1603 Δειραδιώτης
538 1507 563 1608 ⁵)
592 1511 898 1583 denominabatur
925 1511 1062 1607 Apollo
1082 1510 1117 1581 in
1134 1509 1363 1606 Argivorum

187 1638 296 1722 urbe;
339 1662 422 1708 nam
465 1635 525 1708 vix
566 1635 724 1708 dubitari
766 1648 895 1730 potest
936 1635 1023 1730 quin
1063 1634 1169 1731 origo
1208 1633 1363 1706 huiusce

187 1762 419 1858 cognominis
448 1762 617 1834 ducenda
644 1761 691 1834 sit
718 1786 741 1833 a
768 1785 860 1833 voce
883 1768 973 1852 δειρή,
996 1760 1100 1833 cuius
1115 1784 1269 1833 numero
1283 1760 1371 1855 plu-'

186 1887 251 1960 rali
279 1912 390 1982 saepe
419 1886 598 1959 montium
627 1887 716 1983 iuga
743 1886 956 1957 indicantur.

241 2014 346 2085 Haec
387 2026 479 2097 sunt,
520 2037 614 2106 quae
642 2012 689 2083 de
729 2010 901 2106 Apolline
929 2011 964 2082 in
992 2009 1083 2083 locis
1110 2008 1362 2105 superioribus

186 2139 284 2211 culto
312 2137 462 2233 cognita
489 2137 682 2222 habemus;
711 2161 806 2208 nunc
848 2136 895 2208 de
920 2143 1081 2227 Ἀρτέμιδι
1110 2160 1273 2232 agamus.
1310 2130 1313 2135 ’

486 2475 548 2546 DE
572 2480 755 2564 Ἀρτέμιδος
779 2497 1060 2546 vnuuan'nouu.

238 2814 337 2888 Varii
376 2820 558 2905 Ἀρτέμιδος
595 2815 713 2886 cultus
751 2811 939 2909 insigniter
967 2813 1153 2885 declarant
1181 2813 1228 2899 id,
1255 2813 1357 2908 quod

184 2941 256 3013 iam
307 2937 453 3034 saepius
504 2937 836 3022 animadvertimus
882 2937 1133 3010 remotissimis
1179 2937 1358 3034 imprimis

183 3064 412 3162 temporibus
441 3063 533 3135 inter
561 3050 725 3137 Graecos'
754 3086 893 3134 morem
924 3076 1111 3158 receptum
1141 3051 1366 3135 luissedeos¹

185 3191 219 3262 in
250 3189 435 3262 montibus
463 3188 638 3284 clivisque
666 3187 819 3261 colendi.
847 3187 1008 3261 Artemis
1037 3187 1133 3260 enim
1159 3187 1356 3282 antiquitus

184 3316 381 3412 praecipue
422 3316 519 3387 culta
560 3340 639 3388 esse
675 3314 819 3387 videtur
847 3313 883 3385 in
912 3313 1001 3386 locis
1030 3312 1136 3385 editis
1164 3312 1356 3398 Arcadiae,

184 3441 219 3513 in
262 3468 305 3514 ea
347 3440 457 3537 igitur
499 3439 659 3537 regione,
705 3465 800 3534 (luae
849 3464 995 3535 semper
1036 3464 1057 3510 a
1104 3439 1203 3510 cultu
1246 3453 1355 3532 atque

184 3566 408 3639 humanitate
435 3565 648 3662 longissime
676 3565 808 3651 abluit;
838 3590 912 3659 quo
942 3563 1077 3636 lactum
1107 3577 1170 3649 est,
1198 3577 1238 3636 ut
1265 3563 1355 3636 ritus

222 3810 243 3867 ι)
262 3808 301 3855 cf.
321 3809 396 3856 I'aus.
416 3808 459 3855 IX
478 3818 548 3869 33,1.
568 3806 650 3855 Strab.
670 3808 714 3854 IX
733 3819 792 3868 411.
812 3804 901 3869 Steph.
921 3806 982 3869 Byz.
1001 3820 1022 3854 s.
1041 3821 1064 3854 v.
1086 3805 1269 3873 Τὲλᾳουσσα.

221 3909 244 3958 2)
264 3906 303 3954 Cf.
323 3905 434 3970 Hesych.
454 3921 474 3954 S.
495 3922 518 3954 ν.
538 3904 661 3979 Θόρναξ,

219 4004 244 4064 3}
263 4002 396 4058 Immcrw„
417 4002 453 4050 K.
473 4018 497 4050 u.
517 4002 554 4050 M.
574 4004 608 4050 A.
631 4001 688 4063 136,
714 4000 768 4062 138.

218 4094 246 4153 4)
266 4090 306 4138 Cl.
325 4106 347 4138 c.
366 4107 390 4152 g.
409 4107 472 4153 quae
492 4092 628 4138 Pausanias
647 4091 675 4137 II
694 4088 755 4152 34‚()
774 4089 805 4136 de
824 4087 945 4152 Apolline
964 4088 1110 4136 Platanistio
1128 4103 1175 4136 nos
1194 4087 1274 4135 docet.

219 4183 244 4243 5)
264 4181 302 4228 Cl.
322 4181 397 4229 Paus.
416 4181 443 4227 ΙΙ
463 4191 531 4242 24,1.
