3090 4942
747 316 811 398 78·

182 525 286 600 xisse.
332 526 373 598 ln
401 524 457 598 his
497 535 616 596 Ἑστίαν
641 525 729 597 urbs
758 534 912 596 a‘Errta
947 523 1026 610 dea,
1056 540 1215 616 Μυκῆναι,
1250 531 1364 614 Θῆβαι,

185 660 342 742 Θεράπννι
379 651 488 723 urbes
528 651 576 723 de
616 649 788 747 nymphis
826 659 974 741 Μυκήνη,
1000 658 1096 743 Θήβη,
1120 657 1265 739 Θεράπνη
1297 669 1364 718 vo

184 787 286 847 catae
323 789 407 848 sunt
425 772 459 872 A.
496 775 594 866 Quid
632 775 742 871 igitur
775 775 904 859 obstat,
932 773 1130 868 quominus
1158 795 1364 855 sumamus,

184 900 312 972 eadem
351 925 499 995 quoque
527 899 666 972 ratione
694 901 823 972 urbem
852 899 1017 971 Athenas
1031 922 1166 970 nomen
1181 897 1358 992 adeptam

184 1049 263 1097 esse
291 1051 313 1097 a
340 1025 460 1121 prisca
486 1026 557 1097 dea
580 1034 709 1116 Ἀθήνη
727 1022 762 1121 A,
790 1049 885 1118 quae
913 1049 986 1096 non
1016 1023 1051 1095 in
1079 1021 1204 1094 Attica
1227 1021 1364 1106 solum,

183 1150 249 1221 sed
291 1176 356 1246 per
396 1163 511 1222 totam
554 1149 748 1223 Graeciam
791 1150 972 1222 coleretur
1013 1172 1181 1243 quaeque
1209 1170 1283 1218 non
1313 1146 1364 1217 ab

183 1274 338 1347 Athenis
379 1276 470 1348 urbe
512 1275 548 1346 in
581 1287 720 1347 ceteras
749 1274 911 1346 civitates
948 1284 1265 1369 transportaretur,
1293 1270 1363 1342 sed

184 1398 338 1473 fortasse
371 1401 406 1472 in
443 1400 512 1472 hac
550 1401 642 1472 urbe
670 1400 717 1471 ad
754 1413 896 1472 tantum
934 1398 1113 1470 honorem
1146 1394 1363 1493 perveniret,

185 1536 224 1595 ut
248 1531 402 1615 Ἀθηνῶν
424 1549 558 1597 nomen
588 1524 619 1596 ei
649 1524 817 1596 inderet?

238 1648 313 1721 Sed
341 1648 412 1720 iam
443 1649 636 1744 quaeritur,
670 1674 765 1744 quae
798 1648 905 1721 luerit
933 1673 1054 1733 causa,
1070 1672 1137 1720 cur
1149 1646 1235 1718 huic
1250 1645 1363 1740 potis-

184 1773 317 1844 simum
347 1773 439 1846 deae
467 1773 502 1845 in
531 1774 781 1870 superioribus
809 1773 954 1846 urbium
982 1773 1073 1845 locis
1101 1772 1237 1866 templa
1265 1769 1363 1842 aedi-

184 1897 380 1969 ficaverint.
410 1900 509 1971 Nam
538 1899 609 1972 hoc
638 1924 711 1970 non
731 1925 819 1972 casu
834 1912 974 1970 tantum
991 1923 1033 1970 ac
1053 1895 1203 1969 fortuito
1222 1895 1361 1967 factum

186 2047 274 2107 esse,
302 2047 428 2095 verum
458 2049 502 2096 ex
529 2024 609 2120 ipsa
640 2025 732 2097 deae
764 2038 893 2096 natura
916 2036 1025 2118 atque
1039 2021 1162 2094 indole
1176 2019 1363 2114 consequi,

185 2171 251 2242 per
291 2171 330 2219 se
358 2148 584 2246 intellegitur.
613 2152 673 2222 De
701 2176 774 2244 qua
802 2175 840 2222 re
867 2147 975 2224 variis
1003 2173 1045 2220 ac
1073 2147 1182 2244 plane
1209 2142 1363 2218 diversis

187 2272 306 2343 modis
318 2271 383 2345 viri
399 2274 498 2346 docti
512 2275 707 2348 sententias
722 2274 958 2370 protulerunt.
972 2273 1045 2345 Alii
1060 2273 1167 2345 deam
1179 2263 1362 2362 aetheraA

186 2411 466 2493 repraesentare,
481 2398 540 2471 alii
553 2400 727 2472 tonitrum
742 2396 778 2497 A,
792 2399 850 2472 alii
865 2411 1119 2494 tempestatem
1134 2395 1169 2493 A,
1183 2395 1242 2468 alii
1257 2418 1363 2467 auro·

188 2546 265 2593 ram
285 2518 310 2619 A
326 2523 596 2618 perhibuerunt.
615 2525 755 2598 Omnes
765 2538 887 2597 autem
898 2525 946 2596 ad
957 2523 1152 2596 sententias
1162 2520 1363 2592 firmandas

186 2645 344 2719 afferunt
373 2647 601 2722 narrationes
621 2648 709 2735 illas,
725 2674 820 2744 quae
834 2650 882 2722 de
899 2648 1047 2721 Athena
1059 2645 1164 2745 gravi
1179 2657 1364 2719 armatura

187 2771 314 2844 induta
341 2798 361 2845 e
388 2773 501 2868 patris
525 2774 643 2870 capite
671 2774 880 2870 prosiliente
894 2775 1087 2846 traduntur
1100 2769 1135 2871 A
1159 2771 1234 2845 Sed
1249 2793 1361 2864 quam

225 2924 247 2982 1)
267 2920 306 2970 Cf.
328 2922 417 2971 Herm.
438 2923 542 2980 Usener,
564 2923 743 2972 Gottemamen
765 2936 814 2986 ²32
834 2939 872 2987 sq.

224 3016 248 3074 2)
268 3007 377 3081 Ἀθήνη
397 3012 570 3075 antiquissima
586 3013 649 3060 deae
668 3013 776 3060 nominis
788 3014 867 3060 forma
878 3013 935 3069 fuit,
945 3028 974 3059 ex
984 3028 1032 3075 qua
1042 3019 1129 3075 postea
1141 3008 1290 3079 Ἀθηναία
1300 3006 1361 3066 sive,

187 3107 266 3157 forma
285 3109 418 3163 demutata,
449 3107 561 3176 Ἀθηνᾶ
580 3107 669 3155 eodem
688 3107 765 3154 modo
790 3106 842 3155 o'rta
862 3122 916 3155 esse
935 3108 1040 3168 videtur,
1059 3122 1110 3169 quo
1131 3097 1312 3158 Λικτυνναλα
1331 3117 1362 3149 ex

188 3198 344 3257 Δίκτυννα.
366 3204 480 3272 Ninaia]
498 3217 527 3249 ex
537 3206 568 3253 Ν
570 3205 626 3271 luy.
648 3200 833 3260 Uolo-levain
843 3216 872 3249 ex
883 3199 1040 3272 Πολυξένη,
1053 3202 1200 3272 Σεληναίη
1209 3196 1239 3248 ex¹
1251 3200 1363 3268 Σελήνη

187 3306 245 3349 nata
263 3301 322 3347 sint.
342 3297 382 3347 Cf.
401 3298 437 3347 H.
456 3297 535 3355 Usen,
556 3297 626 3346 Gott.
650 3309 689 3347 10.
726 3298 752 3359 3)
771 3296 811 3346 cf.
832 3298 863 3346 F.
883 3297 914 3346 G.
935 3297 1063 3356 Welcker,
1083 3297 1127 3346 Gr.
1146 3296 1254 3345 Gotterl.
1273 3296 1362 3357 1300.

223 3389 248 3451 4)
268 3387 307 3436 cf.
325 3386 498 3450 Flirtw'angler
516 3386 542 3434 in
561 3385 659 3436 Rosch.
679 3389 713 3433 A.
733 3387 764 3435 L.
782 3401 803 3436 s.
822 3403 846 3436 v.
865 3385 975 3436 Athena.

224 3475 249 3542 5)
270 3476 307 3526 cf.
326 3475 463 3533 Schwartz,
483 3476 572 3539 Urspr.
591 3476 616 3523 d.
637 3475 719 3539 Myth.
738 3491 763 3539 p.
784 3474 826 3537 38.

223 3566 250 3629 6)
269 3565 309 3614 Cf.
330 3567 390 3613 Max
409 3564 508 3622 Mtiller,
528 3564 684 3613 Nineteenth
704 3564 824 3628 Century.
847 3563 912 3628 1885
933 3580 976 3629 pp.
997 3563 1048 3627 636
1068 3573 1092 3613 et
1111 3564 1171 3627 639.

224 3657 248 3715 7]
267 3655 371 3718 Egregie
391 3653 456 3702 hanc
476 3654 648 3717 quaestionem
669 3655 781 3702 tractavit
797 3655 826 3703 L.
846 3655 881 3701 R.
902 3654 1009 3711 Farnell,
1029 3653 1058 3704 C.
1075 3670 1098 3703 0.
1110 3655 1141 3703 G.
1151 3654 1202 3704 S.I
1214 3652 1362 3714 280—291.

223 3743 407 3808 Disputationis
438 3742 563 3792 conclusio
590 3743 631 3791 his
658 3743 798 3791 continetur
832 3743 930 3791 verbis:
964 3744 1049 3800 „Now
1077 3743 1103 3800 if,
1125 3742 1232 3792 without
1251 3758 1300 3806 any
1318 3741 1363 3806 hy-

188 3832 300 3897 pothesis
320 3839 345 3881 to
364 3839 425 3881 start
445 3831 514 3890 with,
534 3848 583 3880 one
602 3831 674 3880 looks
694 3841 719 3880 at
733 3831 775 3880 the
794 3832 959 3896 descriptions
978 3833 1006 3880 of
1024 3832 1067 3880 the
1084 3831 1151 3881 birth
1170 3833 1195 3880 in
1215 3830 1256 3880 the
1266 3835 1365 3881 ancient

189 3930 260 3987 poets
284 3922 335 3970 and
362 3920 577 3986 mythographers,
606 3937 654 3970 one
672 3921 694 3969 is
713 3937 775 3969 soon
794 3922 896 3970 assured
916 3920 970 3970 that
989 3920 1048 3986 they
1066 3938 1107 3970 are
1126 3931 1170 3970 not
1188 3922 1318 3970 conscious
1337 3921 1368 3968 of

189 4012 260 4074 using
288 4010 406 4074 language
435 4010 488 4060 that
507 4010 580 4059 could
601 4011 632 4058 be
652 4010 726 4058 taken
747 4018 772 4059 to
795 4026 889 4075 convey
907 4027 955 4075 any
974 4010 1081 4059 allusion
1101 4018 1127 4060 to
1145 4028 1159 4059 a
1179 4009 1364 4060 thunderstorm

191 4117 218 4149 or
237 4108 263 4149 to
281 4116 329 4164 any
347 4099 418 4148 other
437 4101 464 4147 ol
483 4099 525 4149 the
544 4098 651 4163 striking
669 4099 827 4164 phenomena
845 4101 873 4148 of
890 4101 1001 4148 nature.”

225 4191 264 4239 Cf.
285 4190 360 4238 etiam
379 4192 413 4237 A.
434 4191 513 4252 Lang,
533 4189 608 4254 Myth
628 4190 685 4237 Rit.
705 4191 754 4237 and
773 4190 832 4237 Rel.
852 4190 879 4237 Π
896 4201 1043 4254 244—250.
