3106 4942
763 397 804 446 21

73 680 76 688 Ι
199 590 361 686 vestigia,
389 589 557 686 quamvis
584 589 776 677 levissima,
805 590 926 663 adhuc
955 589 1106 662 indicari
1125 615 1234 685 posse
1248 614 1371 685 persu-
1408 593 1411 600 '

200 740 304 789 asum
333 715 463 788 habeo.
491 716 532 786 In
561 715 718 788 Graecia
745 715 841 788 enim
865 714 1130 811 posterioribus
1144 714 1372 810 temporibus

196 841 296 913 haud
324 840 432 936 pauci
460 854 563 913 erant
592 855 743 926 montes,
772 841 807 912 in
828 840 963 935 quibus
981 840 1121 926 heroes,
1144 839 1370 912 celeberrimi

196 965 335 1062 proavi,
372 965 504 1062 sepulti
539 990 619 1039 esse
655 968 887 1061 putabantur.
930 965 987 1037 En
1015 965 1129 1038 habes
1157 965 1372 1060 exemplae

199 1089 382 1163 Pausania
409 1091 617 1186 desumpta:

251 1215 449 1289 Pandionis
490 1216 700 1311 sepulcrum
743 1215 778 1288 in
820 1216 904 1288 loco
934 1214 1161 1311 Megarensis
1190 1215 1279 1311 agri,
1307 1214 1370 1310 qui

197 1349 344 1430 Ἀθηνᾶς
367 1350 508 1422 Αἰθυίας
531 1342 706 1436 scopulus
725 1341 936 1437 appellatur.
965 1343 1071 1413 Paus.
1110 1342 1124 1410 Ι
1144 1364 1174 1433 5,
1191 1364 1211 1428 3
1230 1331 1322 1431 141,
1337 1346 1370 1413 6.
1489 1438 1492 1442 Δ

205 1505 208 1509 ·
249 1465 397 1538 Tantali·
420 1466 456 1537 in
486 1479 610 1539 monte
638 1466 768 1563 Sipulo
796 1467 1016 1562 sepulcrum.
1059 1466 1165 1538 Paus.
1194 1467 1227 1537 ΙΙ
1260 1489 1317 1551 22,
1338 1472 1370 1538 8.

250 1589 388 1676 Cinadi,
418 1591 574 1664 Menelai
602 1591 868 1688 gubernatoris,
896 1591 1105 1686 sepulcrum
1135 1590 1170 1661 in
1199 1615 1370 1686 promon-

196 1715 290 1789 torio
333 1716 547 1803 Laconicae,
589 1717 690 1812 quod
734 1727 832 1789 Ὄνου
862 1726 983 1803 γνάθον
1024 1714 1221 1787 nominant.
1264 1718 1369 1803 Paus.

196 1843 246 1912 HI
279 1865 336 1926 22,
370 1866 425 1914 10.

250 1967 494 2064 Endymionis
548 1967 757 2063 sepulcrum
805 1967 840 2039 in
889 1969 1031 2052 latmo,
1079 1965 1207 2039 Cariae
1236 1979 1369 2038 monte.

196 2095 302 2166 Paus.
330 2094 364 2165 V
398 2117 426 2178 1,
458 2116 488 2185 5.

116 2197 118 2199 ¹
248 2217 403 2313 Iphiclis,
433 2217 601 2290 Heraclis
629 2217 748 2291 fratris
785 2232 946 2313 epatre,
973 2217 1182 2313 sepulcrum
1212 2217 1247 2288 in
1276 2216 1369 2289 colle

133 2384 134 2388 =
196 2343 359 2438 quodam
389 2342 536 2415 Pheneo
566 2343 647 2415 urbi
675 2341 894 2439 propinquo
924 2344 1030 2415 Paus.
1058 2344 1143 2415 Vlll
1180 2366 1234 2433 14,
1264 2365 1297 2431 o.

248 2468 395 2565 Aepyti,
437 2468 532 2541 Elati
575 2467 647 2554 lilii,
688 2469 897 2564 sepulcrum
932 2468 966 2540 in
997 2492 1144 2541 summo
1181 2467 1365 2540 Arcadiae

196 2606 320 2666 monte
348 2593 467 2689 Sepia
496 2596 603 2666 Paus.
632 2595 718 2667 Vlll
754 2599 808 2679 16,
840 2617 871 2664 2.

248 2718 416 2793 Callistus
460 2719 670 2814 sepulcrum
717 2719 753 2790 in
800 2718 942 2791 tumulo
989 2718 1060 2791 alte
1101 2731 1240 2791 structo
1269 2717 1368 2790 iuxta

194 2843 421 2929 Tricolonos,
448 2843 632 2917 Arcadiae
660 2846 799 2917 urbem.
827 2847 933 2917 Paus.
961 2845 1046 2916 Vlll
1077 2868 1097 2932 3
1106 2868 1136 2937 5,
1166 2851 1198 2916 8.

247 2968 413 3055 Arcadis
442 2969 609 3042 Callistus
624 2969 698 3055 lilii,
712 2970 921 3066 sepulcrum
938 2968 973 3041 in
990 2969 1170 3056 Maenala
1184 2968 1368 3050 Arcadiae

196 3108 329 3167 monte.
357 3097 463 3166 Paus.
491 3095 576 3166 Vlll
608 3100 667 3183 36,
697 3102 730 3167 8.

249 3219 387 3293 Multos
415 3232 536 3293 autem
565 3219 696 3293 heroes
724 3245 797 3292 non
826 3219 946 3306 luisse,
974 3219 1041 3293 nisi
1069 3219 1160 3291 deos
1179 3245 1223 3292 ex
1251 3243 1367 3291 remo·

196 3343 334 3417 tissima
370 3344 431 3416 illa
458 3359 575 3418 aetate
603 3344 824 3441 superstites,
853 3369 927 3440 qua
955 3343 1134 3440 imprimis
1153 3343 1213 3416 dei
1228 3345 1367 3417 subter-

195 3470 294 3543 ranei
335 3469 559 3543 venerationi
597 3485 724 3556 essent,
754 3470 829 3565 qui,
856 3484 1041 3543 crescente
1069 3470 1223 3542 deorum
1253 3469 1367 3541 excel-

193 3594 332 3674 siorum
359 3595 487 3692 gloria,
505 3596 728 3692 pedetentim
744 3596 792 3668 ad
807 3594 1013 3668 inferiorem
1029 3595 1183 3667 heroum
1200 3593 1365 3666 ordinem

195 3719 335 3816 delapsi
368 3734 496 3806 essent,
524 3720 639 3793 firmis
669 3720 894 3817 argumentis
923 3703 1044 3793 Erwin
1074 3719 1208 3791 Rohde
1235 3720 1366 3814 proba-

196 3844 247 3917 vit
265 3841 299 3944 ¹).
330 3845 401 3919 Dei
430 3845 540 3942 igitur
568 3845 616 3917 illi
645 3845 843 3942 pervetusti
872 3845 991 3942 magis
1015 3844 1207 3941 magisque
1222 3845 1366 3918 recede-

195 3971 301 4056 bant;
335 3995 463 4044 eorum
492 3971 612 4043 cultus
640 3970 727 4043 olim
757 3970 856 4044 lama
884 3971 1064 4057 florentes
1092 3969 1226 4044 sensim
1256 3982 1365 4063 atque

135 4272 141 4282 ·
236 4251 259 4312 1)
277 4251 309 4301 E.
327 4248 431 4308 Rohde,
450 4248 551 4312 Psyche
570 4265 612 4313 pp.
636 4262 684 4311 104
703 4265 724 4296 e.
735 4264 759 4312 q.
770 4265 790 4296 s.
